<?xml version="1.0" encoding="utf-8" ?>
<gnc-v2
     xmlns:gnc="http://www.gnucash.org/XML/gnc"
     xmlns:act="http://www.gnucash.org/XML/act"
     xmlns:book="http://www.gnucash.org/XML/book"
     xmlns:cd="http://www.gnucash.org/XML/cd"
     xmlns:cmdty="http://www.gnucash.org/XML/cmdty"
     xmlns:price="http://www.gnucash.org/XML/price"
     xmlns:slot="http://www.gnucash.org/XML/slot"
     xmlns:split="http://www.gnucash.org/XML/split"
     xmlns:sx="http://www.gnucash.org/XML/sx"
     xmlns:trn="http://www.gnucash.org/XML/trn"
     xmlns:ts="http://www.gnucash.org/XML/ts"
     xmlns:fs="http://www.gnucash.org/XML/fs"
     xmlns:bgt="http://www.gnucash.org/XML/bgt"
     xmlns:recurrence="http://www.gnucash.org/XML/recurrence"
     xmlns:lot="http://www.gnucash.org/XML/lot"
     xmlns:addr="http://www.gnucash.org/XML/addr"
     xmlns:owner="http://www.gnucash.org/XML/owner"
     xmlns:billterm="http://www.gnucash.org/XML/billterm"
     xmlns:bt-days="http://www.gnucash.org/XML/bt-days"
     xmlns:bt-prox="http://www.gnucash.org/XML/bt-prox"
     xmlns:cust="http://www.gnucash.org/XML/cust"
     xmlns:employee="http://www.gnucash.org/XML/employee"
     xmlns:entry="http://www.gnucash.org/XML/entry"
     xmlns:invoice="http://www.gnucash.org/XML/invoice"
     xmlns:job="http://www.gnucash.org/XML/job"
     xmlns:order="http://www.gnucash.org/XML/order"
     xmlns:taxtable="http://www.gnucash.org/XML/taxtable"
     xmlns:tte="http://www.gnucash.org/XML/tte"
     xmlns:vendor="http://www.gnucash.org/XML/vendor">
<gnc:count-data cd:type="book">1</gnc:count-data>
<gnc:book version="2.0.0">
<book:id type="guid">d786cd1176cf6f1e7e38867cf8f89c82</book:id>
<gnc:count-data cd:type="commodity">1</gnc:count-data>
<gnc:count-data cd:type="account">69</gnc:count-data>
<gnc:count-data cd:type="transaction">112</gnc:count-data>
<gnc:commodity version="2.0.0">
  <cmdty:space>ISO4217</cmdty:space>
  <cmdty:id>GBP</cmdty:id>
  <cmdty:get_quotes/>
  <cmdty:quote_source>currency</cmdty:quote_source>
  <cmdty:quote_tz/>
</gnc:commodity>
<gnc:commodity version="2.0.0">
  <cmdty:space>ISO4217</cmdty:space>
  <cmdty:id>HUF</cmdty:id>
  <cmdty:get_quotes/>
  <cmdty:quote_source>currency</cmdty:quote_source>
  <cmdty:quote_tz/>
</gnc:commodity>
<gnc:commodity version="2.0.0">
  <cmdty:space>ISO4217</cmdty:space>
  <cmdty:id>TWD</cmdty:id>
  <cmdty:get_quotes/>
  <cmdty:quote_source>currency</cmdty:quote_source>
  <cmdty:quote_tz/>
</gnc:commodity>
<gnc:commodity version="2.0.0">
  <cmdty:space>template</cmdty:space>
  <cmdty:id>template</cmdty:id>
  <cmdty:name>template</cmdty:name>
  <cmdty:xcode>template</cmdty:xcode>
  <cmdty:fraction>1</cmdty:fraction>
</gnc:commodity>
<gnc:account version="2.0.0">
  <act:name>Root Account</act:name>
  <act:id type="guid">8503f6a3793d37049bf090c6726136ca</act:id>
  <act:type>ROOT</act:type>
</gnc:account>
<gnc:account version="2.0.0">
  <act:name>Assets</act:name>
  <act:id type="guid">ea953117f54fd94e2763b5ae59f3a003</act:id>
  <act:type>ASSET</act:type>
  <act:commodity>
    <cmdty:space>ISO4217</cmdty:space>
    <cmdty:id>TWD</cmdty:id>
  </act:commodity>
  <act:commodity-scu>100</act:commodity-scu>
  <act:description>Assets</act:description>
  <act:slots>
    <slot>
      <slot:key>placeholder</slot:key>
      <slot:value type="string">true</slot:value>
    </slot>
  </act:slots>
  <act:parent type="guid">8503f6a3793d37049bf090c6726136ca</act:parent>
</gnc:account>
<gnc:account version="2.0.0">
  <act:name>Current Assets</act:name>
  <act:id type="guid">813118e2a59656f55ea88719e288f867</act:id>
  <act:type>ASSET</act:type>
  <act:commodity>
    <cmdty:space>ISO4217</cmdty:space>
    <cmdty:id>TWD</cmdty:id>
  </act:commodity>
  <act:commodity-scu>100</act:commodity-scu>
  <act:description>Current Assets</act:description>
  <act:slots>
    <slot>
      <slot:key>placeholder</slot:key>
      <slot:value type="string">true</slot:value>
    </slot>
  </act:slots>
  <act:parent type="guid">ea953117f54fd94e2763b5ae59f3a003</act:parent>
</gnc:account>
<gnc:account version="2.0.0">
  <act:name>Post Office</act:name>
  <act:id type="guid">5e9ad3c288c292b8b5d97bf04397a278</act:id>
  <act:type>BANK</act:type>
  <act:commodity>
    <cmdty:space>ISO4217</cmdty:space>
    <cmdty:id>TWD</cmdty:id>
  </act:commodity>
  <act:commodity-scu>100</act:commodity-scu>
  <act:description>Taiwan Post office account</act:description>
  <act:slots>
    <slot>
      <slot:key>color</slot:key>
      <slot:value type="string">Not Set</slot:value>
    </slot>
  </act:slots>
  <act:parent type="guid">813118e2a59656f55ea88719e288f867</act:parent>
</gnc:account>
<gnc:account version="2.0.0">
  <act:name>Cathay United</act:name>
  <act:id type="guid">b0c4c6547397d5f05173d8e06d6c4379</act:id>
  <act:type>BANK</act:type>
  <act:commodity>
    <cmdty:space>ISO4217</cmdty:space>
    <cmdty:id>TWD</cmdty:id>
  </act:commodity>
  <act:commodity-scu>100</act:commodity-scu>
  <act:description>Cathay United Bank Account</act:description>
  <act:slots>
    <slot>
      <slot:key>color</slot:key>
      <slot:value type="string">Not Set</slot:value>
    </slot>
  </act:slots>
  <act:parent type="guid">813118e2a59656f55ea88719e288f867</act:parent>
</gnc:account>
<gnc:account version="2.0.0">
  <act:name>Cash in Wallet</act:name>
  <act:id type="guid">c7b10d6ceb9c168c97769b924fbcfd33</act:id>
  <act:type>CASH</act:type>
  <act:commodity>
    <cmdty:space>ISO4217</cmdty:space>
    <cmdty:id>TWD</cmdty:id>
  </act:commodity>
  <act:commodity-scu>100</act:commodity-scu>
  <act:description>Cash in Wallet</act:description>
  <act:parent type="guid">813118e2a59656f55ea88719e288f867</act:parent>
</gnc:account>
<gnc:account version="2.0.0">
  <act:name>Fubon</act:name>
  <act:id type="guid">6110e74dd1bf9978cfa764d5d5b2205d</act:id>
  <act:type>ASSET</act:type>
  <act:commodity>
    <cmdty:space>ISO4217</cmdty:space>
    <cmdty:id>TWD</cmdty:id>
  </act:commodity>
  <act:commodity-scu>100</act:commodity-scu>
  <act:description>Fubon bank account</act:description>
  <act:slots>
    <slot>
      <slot:key>color</slot:key>
      <slot:value type="string">Not Set</slot:value>
    </slot>
  </act:slots>
  <act:parent type="guid">813118e2a59656f55ea88719e288f867</act:parent>
</gnc:account>
<gnc:account version="2.0.0">
  <act:name>HSBC UK</act:name>
  <act:id type="guid">c48a51de3f5c25b27152895109374730</act:id>
  <act:type>ASSET</act:type>
  <act:commodity>
    <cmdty:space>ISO4217</cmdty:space>
    <cmdty:id>GBP</cmdty:id>
  </act:commodity>
  <act:commodity-scu>100</act:commodity-scu>
  <act:description>HSBC UK bank account</act:description>
  <act:slots>
    <slot>
      <slot:key>color</slot:key>
      <slot:value type="string">Not Set</slot:value>
    </slot>
  </act:slots>
  <act:parent type="guid">813118e2a59656f55ea88719e288f867</act:parent>
</gnc:account>
<gnc:account version="2.0.0">
  <act:name>Erste HU</act:name>
  <act:id type="guid">2c076a4fa656d786aab5d6755d009171</act:id>
  <act:type>ASSET</act:type>
  <act:commodity>
    <cmdty:space>ISO4217</cmdty:space>
    <cmdty:id>HUF</cmdty:id>
  </act:commodity>
  <act:commodity-scu>100</act:commodity-scu>
  <act:description>Erste Bank Hungary</act:description>
  <act:slots>
    <slot>
      <slot:key>color</slot:key>
      <slot:value type="string">Not Set</slot:value>
    </slot>
  </act:slots>
  <act:parent type="guid">813118e2a59656f55ea88719e288f867</act:parent>
</gnc:account>
<gnc:account version="2.0.0">
  <act:name>Paypal</act:name>
  <act:id type="guid">c591dcd24119e783c26824f60eb7a3c6</act:id>
  <act:type>ASSET</act:type>
  <act:commodity>
    <cmdty:space>ISO4217</cmdty:space>
    <cmdty:id>TWD</cmdty:id>
  </act:commodity>
  <act:commodity-scu>100</act:commodity-scu>
  <act:description>Paypal balance</act:description>
  <act:slots>
    <slot>
      <slot:key>color</slot:key>
      <slot:value type="string">Not Set</slot:value>
    </slot>
  </act:slots>
  <act:parent type="guid">813118e2a59656f55ea88719e288f867</act:parent>
</gnc:account>
<gnc:account version="2.0.0">
  <act:name>Liabilities</act:name>
  <act:id type="guid">401df39017600d020a6fb9f217793179</act:id>
  <act:type>LIABILITY</act:type>
  <act:commodity>
    <cmdty:space>ISO4217</cmdty:space>
    <cmdty:id>TWD</cmdty:id>
  </act:commodity>
  <act:commodity-scu>100</act:commodity-scu>
  <act:description>Liabilities</act:description>
  <act:slots>
    <slot>
      <slot:key>placeholder</slot:key>
      <slot:value type="string">true</slot:value>
    </slot>
  </act:slots>
  <act:parent type="guid">8503f6a3793d37049bf090c6726136ca</act:parent>
</gnc:account>
<gnc:account version="2.0.0">
  <act:name>Credit Card</act:name>
  <act:id type="guid">6ee527c2570dd32b84cbb0ccf59945ee</act:id>
  <act:type>CREDIT</act:type>
  <act:commodity>
    <cmdty:space>ISO4217</cmdty:space>
    <cmdty:id>TWD</cmdty:id>
  </act:commodity>
  <act:commodity-scu>100</act:commodity-scu>
  <act:description>Credit Card</act:description>
  <act:parent type="guid">401df39017600d020a6fb9f217793179</act:parent>
</gnc:account>
<gnc:account version="2.0.0">
  <act:name>Income</act:name>
  <act:id type="guid">c39be6a9541111b64f1cecee21da11b5</act:id>
  <act:type>INCOME</act:type>
  <act:commodity>
    <cmdty:space>ISO4217</cmdty:space>
    <cmdty:id>TWD</cmdty:id>
  </act:commodity>
  <act:commodity-scu>100</act:commodity-scu>
  <act:description>Income</act:description>
  <act:slots>
    <slot>
      <slot:key>placeholder</slot:key>
      <slot:value type="string">true</slot:value>
    </slot>
  </act:slots>
  <act:parent type="guid">8503f6a3793d37049bf090c6726136ca</act:parent>
</gnc:account>
<gnc:account version="2.0.0">
  <act:name>Bonus</act:name>
  <act:id type="guid">dc80543c5b147060b55969dd54e98539</act:id>
  <act:type>INCOME</act:type>
  <act:commodity>
    <cmdty:space>ISO4217</cmdty:space>
    <cmdty:id>TWD</cmdty:id>
  </act:commodity>
  <act:commodity-scu>100</act:commodity-scu>
  <act:description>Bonus</act:description>
  <act:parent type="guid">c39be6a9541111b64f1cecee21da11b5</act:parent>
</gnc:account>
<gnc:account version="2.0.0">
  <act:name>Gifts Received</act:name>
  <act:id type="guid">2ced3e371a61141ca32411b32bd7c15e</act:id>
  <act:type>INCOME</act:type>
  <act:commodity>
    <cmdty:space>ISO4217</cmdty:space>
    <cmdty:id>TWD</cmdty:id>
  </act:commodity>
  <act:commodity-scu>100</act:commodity-scu>
  <act:description>Gifts Received</act:description>
  <act:parent type="guid">c39be6a9541111b64f1cecee21da11b5</act:parent>
</gnc:account>
<gnc:account version="2.0.0">
  <act:name>Interest Income</act:name>
  <act:id type="guid">b5f528a5313cdc5eed46ab11bfc4cb1b</act:id>
  <act:type>INCOME</act:type>
  <act:commodity>
    <cmdty:space>ISO4217</cmdty:space>
    <cmdty:id>TWD</cmdty:id>
  </act:commodity>
  <act:commodity-scu>100</act:commodity-scu>
  <act:description>Interest Income</act:description>
  <act:parent type="guid">c39be6a9541111b64f1cecee21da11b5</act:parent>
</gnc:account>
<gnc:account version="2.0.0">
  <act:name>Checking Interest</act:name>
  <act:id type="guid">92056868c6f8699cca30ebea8b734ca1</act:id>
  <act:type>INCOME</act:type>
  <act:commodity>
    <cmdty:space>ISO4217</cmdty:space>
    <cmdty:id>TWD</cmdty:id>
  </act:commodity>
  <act:commodity-scu>100</act:commodity-scu>
  <act:description>Checking Interest</act:description>
  <act:parent type="guid">b5f528a5313cdc5eed46ab11bfc4cb1b</act:parent>
</gnc:account>
<gnc:account version="2.0.0">
  <act:name>Other Interest</act:name>
  <act:id type="guid">cc36a5cb4cae8314da67b779a2488dc4</act:id>
  <act:type>INCOME</act:type>
  <act:commodity>
    <cmdty:space>ISO4217</cmdty:space>
    <cmdty:id>TWD</cmdty:id>
  </act:commodity>
  <act:commodity-scu>100</act:commodity-scu>
  <act:description>Other Interest</act:description>
  <act:parent type="guid">b5f528a5313cdc5eed46ab11bfc4cb1b</act:parent>
</gnc:account>
<gnc:account version="2.0.0">
  <act:name>Savings Interest</act:name>
  <act:id type="guid">45df47c42a0022a30297be0b369ebfd8</act:id>
  <act:type>INCOME</act:type>
  <act:commodity>
    <cmdty:space>ISO4217</cmdty:space>
    <cmdty:id>TWD</cmdty:id>
  </act:commodity>
  <act:commodity-scu>100</act:commodity-scu>
  <act:description>Savings Interest</act:description>
  <act:parent type="guid">b5f528a5313cdc5eed46ab11bfc4cb1b</act:parent>
</gnc:account>
<gnc:account version="2.0.0">
  <act:name>Other Income</act:name>
  <act:id type="guid">4e751bfc9e1cf2b280bd8fad420a8884</act:id>
  <act:type>INCOME</act:type>
  <act:commodity>
    <cmdty:space>ISO4217</cmdty:space>
    <cmdty:id>TWD</cmdty:id>
  </act:commodity>
  <act:commodity-scu>100</act:commodity-scu>
  <act:description>Other Income</act:description>
  <act:parent type="guid">c39be6a9541111b64f1cecee21da11b5</act:parent>
</gnc:account>
<gnc:account version="2.0.0">
  <act:name>Salary</act:name>
  <act:id type="guid">e215d5ad38a28f88111977ac3c07fbe0</act:id>
  <act:type>INCOME</act:type>
  <act:commodity>
    <cmdty:space>ISO4217</cmdty:space>
    <cmdty:id>TWD</cmdty:id>
  </act:commodity>
  <act:commodity-scu>100</act:commodity-scu>
  <act:description>Salary</act:description>
  <act:parent type="guid">c39be6a9541111b64f1cecee21da11b5</act:parent>
</gnc:account>
<gnc:account version="2.0.0">
  <act:name>Expenses</act:name>
  <act:id type="guid">6c130d15f9c830b4d2bc9cdb117a1763</act:id>
  <act:type>EXPENSE</act:type>
  <act:commodity>
    <cmdty:space>ISO4217</cmdty:space>
    <cmdty:id>TWD</cmdty:id>
  </act:commodity>
  <act:commodity-scu>100</act:commodity-scu>
  <act:description>Expenses</act:description>
  <act:slots>
    <slot>
      <slot:key>placeholder</slot:key>
      <slot:value type="string">true</slot:value>
    </slot>
  </act:slots>
  <act:parent type="guid">8503f6a3793d37049bf090c6726136ca</act:parent>
</gnc:account>
<gnc:account version="2.0.0">
  <act:name>Adjustment</act:name>
  <act:id type="guid">ff5cbf3679fd9dd4a11f56fc779cc50a</act:id>
  <act:type>EXPENSE</act:type>
  <act:commodity>
    <cmdty:space>ISO4217</cmdty:space>
    <cmdty:id>TWD</cmdty:id>
  </act:commodity>
  <act:commodity-scu>100</act:commodity-scu>
  <act:description>Adjustment</act:description>
  <act:parent type="guid">6c130d15f9c830b4d2bc9cdb117a1763</act:parent>
</gnc:account>
<gnc:account version="2.0.0">
  <act:name>Bank Service Charge</act:name>
  <act:id type="guid">8a9a3612faa9486530247f08dadcf673</act:id>
  <act:type>EXPENSE</act:type>
  <act:commodity>
    <cmdty:space>ISO4217</cmdty:space>
    <cmdty:id>TWD</cmdty:id>
  </act:commodity>
  <act:commodity-scu>100</act:commodity-scu>
  <act:description>Bank Service Charge</act:description>
  <act:parent type="guid">6c130d15f9c830b4d2bc9cdb117a1763</act:parent>
</gnc:account>
<gnc:account version="2.0.0">
  <act:name>Books</act:name>
  <act:id type="guid">5dea6beaa511a893bb4bc7a602c4a4db</act:id>
  <act:type>EXPENSE</act:type>
  <act:commodity>
    <cmdty:space>ISO4217</cmdty:space>
    <cmdty:id>TWD</cmdty:id>
  </act:commodity>
  <act:commodity-scu>100</act:commodity-scu>
  <act:description>Books</act:description>
  <act:parent type="guid">6c130d15f9c830b4d2bc9cdb117a1763</act:parent>
</gnc:account>
<gnc:account version="2.0.0">
  <act:name>Cable</act:name>
  <act:id type="guid">fb9587cb8e0f1b83d03c0be8b83dd4c2</act:id>
  <act:type>EXPENSE</act:type>
  <act:commodity>
    <cmdty:space>ISO4217</cmdty:space>
    <cmdty:id>TWD</cmdty:id>
  </act:commodity>
  <act:commodity-scu>100</act:commodity-scu>
  <act:description>Cable</act:description>
  <act:parent type="guid">6c130d15f9c830b4d2bc9cdb117a1763</act:parent>
</gnc:account>
<gnc:account version="2.0.0">
  <act:name>Charity</act:name>
  <act:id type="guid">64081822b9ec28c17309b7c45c0b731e</act:id>
  <act:type>EXPENSE</act:type>
  <act:commodity>
    <cmdty:space>ISO4217</cmdty:space>
    <cmdty:id>TWD</cmdty:id>
  </act:commodity>
  <act:commodity-scu>100</act:commodity-scu>
  <act:description>Charity</act:description>
  <act:parent type="guid">6c130d15f9c830b4d2bc9cdb117a1763</act:parent>
</gnc:account>
<gnc:account version="2.0.0">
  <act:name>Clothes</act:name>
  <act:id type="guid">e0f22a4574646386eeacbe2e1d4350b5</act:id>
  <act:type>EXPENSE</act:type>
  <act:commodity>
    <cmdty:space>ISO4217</cmdty:space>
    <cmdty:id>TWD</cmdty:id>
  </act:commodity>
  <act:commodity-scu>100</act:commodity-scu>
  <act:description>Clothes</act:description>
  <act:parent type="guid">6c130d15f9c830b4d2bc9cdb117a1763</act:parent>
</gnc:account>
<gnc:account version="2.0.0">
  <act:name>Computer</act:name>
  <act:id type="guid">212ab259e1cd1e8b78722767b1ea3be9</act:id>
  <act:type>EXPENSE</act:type>
  <act:commodity>
    <cmdty:space>ISO4217</cmdty:space>
    <cmdty:id>TWD</cmdty:id>
  </act:commodity>
  <act:commodity-scu>100</act:commodity-scu>
  <act:description>Computer</act:description>
  <act:parent type="guid">6c130d15f9c830b4d2bc9cdb117a1763</act:parent>
</gnc:account>
<gnc:account version="2.0.0">
  <act:name>Dining</act:name>
  <act:id type="guid">4a36121ede3d0e7828c9e5ab247b90ca</act:id>
  <act:type>EXPENSE</act:type>
  <act:commodity>
    <cmdty:space>ISO4217</cmdty:space>
    <cmdty:id>TWD</cmdty:id>
  </act:commodity>
  <act:commodity-scu>100</act:commodity-scu>
  <act:description>Dining</act:description>
  <act:parent type="guid">6c130d15f9c830b4d2bc9cdb117a1763</act:parent>
</gnc:account>
<gnc:account version="2.0.0">
  <act:name>Education</act:name>
  <act:id type="guid">5c253d6ad3ea319869cd3b6c3d7f01f6</act:id>
  <act:type>EXPENSE</act:type>
  <act:commodity>
    <cmdty:space>ISO4217</cmdty:space>
    <cmdty:id>TWD</cmdty:id>
  </act:commodity>
  <act:commodity-scu>100</act:commodity-scu>
  <act:description>Education</act:description>
  <act:parent type="guid">6c130d15f9c830b4d2bc9cdb117a1763</act:parent>
</gnc:account>
<gnc:account version="2.0.0">
  <act:name>Entertainment</act:name>
  <act:id type="guid">1c18b593a982ab4c951eb73015a0f5d1</act:id>
  <act:type>EXPENSE</act:type>
  <act:commodity>
    <cmdty:space>ISO4217</cmdty:space>
    <cmdty:id>TWD</cmdty:id>
  </act:commodity>
  <act:commodity-scu>100</act:commodity-scu>
  <act:description>Entertainment</act:description>
  <act:parent type="guid">6c130d15f9c830b4d2bc9cdb117a1763</act:parent>
</gnc:account>
<gnc:account version="2.0.0">
  <act:name>Music/Movies</act:name>
  <act:id type="guid">8cb983773df202b315dd13a1af6ac3ea</act:id>
  <act:type>EXPENSE</act:type>
  <act:commodity>
    <cmdty:space>ISO4217</cmdty:space>
    <cmdty:id>TWD</cmdty:id>
  </act:commodity>
  <act:commodity-scu>100</act:commodity-scu>
  <act:description>Music/Movies</act:description>
  <act:parent type="guid">1c18b593a982ab4c951eb73015a0f5d1</act:parent>
</gnc:account>
<gnc:account version="2.0.0">
  <act:name>Recreation</act:name>
  <act:id type="guid">988ed9c5009e3be888d660a666c50638</act:id>
  <act:type>EXPENSE</act:type>
  <act:commodity>
    <cmdty:space>ISO4217</cmdty:space>
    <cmdty:id>TWD</cmdty:id>
  </act:commodity>
  <act:commodity-scu>100</act:commodity-scu>
  <act:description>Recreation</act:description>
  <act:parent type="guid">1c18b593a982ab4c951eb73015a0f5d1</act:parent>
</gnc:account>
<gnc:account version="2.0.0">
  <act:name>Travel</act:name>
  <act:id type="guid">5e78de94686ea8093a1d6a08b48ef421</act:id>
  <act:type>EXPENSE</act:type>
  <act:commodity>
    <cmdty:space>ISO4217</cmdty:space>
    <cmdty:id>TWD</cmdty:id>
  </act:commodity>
  <act:commodity-scu>100</act:commodity-scu>
  <act:description>Travel</act:description>
  <act:parent type="guid">1c18b593a982ab4c951eb73015a0f5d1</act:parent>
</gnc:account>
<gnc:account version="2.0.0">
  <act:name>Gifts</act:name>
  <act:id type="guid">f7732541a120c72241ba8c32e1b39ea3</act:id>
  <act:type>EXPENSE</act:type>
  <act:commodity>
    <cmdty:space>ISO4217</cmdty:space>
    <cmdty:id>TWD</cmdty:id>
  </act:commodity>
  <act:commodity-scu>100</act:commodity-scu>
  <act:description>Gifts</act:description>
  <act:parent type="guid">6c130d15f9c830b4d2bc9cdb117a1763</act:parent>
</gnc:account>
<gnc:account version="2.0.0">
  <act:name>Groceries</act:name>
  <act:id type="guid">1974530e0dca2a5c3215f8e04b9b44bd</act:id>
  <act:type>EXPENSE</act:type>
  <act:commodity>
    <cmdty:space>ISO4217</cmdty:space>
    <cmdty:id>TWD</cmdty:id>
  </act:commodity>
  <act:commodity-scu>100</act:commodity-scu>
  <act:description>Groceries</act:description>
  <act:parent type="guid">6c130d15f9c830b4d2bc9cdb117a1763</act:parent>
</gnc:account>
<gnc:account version="2.0.0">
  <act:name>Hobbies</act:name>
  <act:id type="guid">a3dc1bfd4a898c99d2a4b254980c5c6a</act:id>
  <act:type>EXPENSE</act:type>
  <act:commodity>
    <cmdty:space>ISO4217</cmdty:space>
    <cmdty:id>TWD</cmdty:id>
  </act:commodity>
  <act:commodity-scu>100</act:commodity-scu>
  <act:description>Hobbies</act:description>
  <act:parent type="guid">6c130d15f9c830b4d2bc9cdb117a1763</act:parent>
</gnc:account>
<gnc:account version="2.0.0">
  <act:name>Insurance</act:name>
  <act:id type="guid">586ac8dd85d051c222a478ce95dd9226</act:id>
  <act:type>EXPENSE</act:type>
  <act:commodity>
    <cmdty:space>ISO4217</cmdty:space>
    <cmdty:id>TWD</cmdty:id>
  </act:commodity>
  <act:commodity-scu>100</act:commodity-scu>
  <act:description>Insurance</act:description>
  <act:parent type="guid">6c130d15f9c830b4d2bc9cdb117a1763</act:parent>
</gnc:account>
<gnc:account version="2.0.0">
  <act:name>Auto Insurance</act:name>
  <act:id type="guid">18b75e95782348a0c5e7d5992163c328</act:id>
  <act:type>EXPENSE</act:type>
  <act:commodity>
    <cmdty:space>ISO4217</cmdty:space>
    <cmdty:id>TWD</cmdty:id>
  </act:commodity>
  <act:commodity-scu>100</act:commodity-scu>
  <act:description>Auto Insurance</act:description>
  <act:parent type="guid">586ac8dd85d051c222a478ce95dd9226</act:parent>
</gnc:account>
<gnc:account version="2.0.0">
  <act:name>Health Insurance</act:name>
  <act:id type="guid">2eb92e62ee89a48d3b1ceb14fb843f50</act:id>
  <act:type>EXPENSE</act:type>
  <act:commodity>
    <cmdty:space>ISO4217</cmdty:space>
    <cmdty:id>TWD</cmdty:id>
  </act:commodity>
  <act:commodity-scu>100</act:commodity-scu>
  <act:description>Health Insurance</act:description>
  <act:parent type="guid">586ac8dd85d051c222a478ce95dd9226</act:parent>
</gnc:account>
<gnc:account version="2.0.0">
  <act:name>Life Insurance</act:name>
  <act:id type="guid">1eba1c8d8363d3426fcbae73927f5330</act:id>
  <act:type>EXPENSE</act:type>
  <act:commodity>
    <cmdty:space>ISO4217</cmdty:space>
    <cmdty:id>TWD</cmdty:id>
  </act:commodity>
  <act:commodity-scu>100</act:commodity-scu>
  <act:description>Life Insurance</act:description>
  <act:parent type="guid">586ac8dd85d051c222a478ce95dd9226</act:parent>
</gnc:account>
<gnc:account version="2.0.0">
  <act:name>Laundry/Dry Cleaning</act:name>
  <act:id type="guid">cdf07c7f8c61aee3172f23fbbdd9c200</act:id>
  <act:type>EXPENSE</act:type>
  <act:commodity>
    <cmdty:space>ISO4217</cmdty:space>
    <cmdty:id>TWD</cmdty:id>
  </act:commodity>
  <act:commodity-scu>100</act:commodity-scu>
  <act:description>Laundry/Dry Cleaning</act:description>
  <act:parent type="guid">6c130d15f9c830b4d2bc9cdb117a1763</act:parent>
</gnc:account>
<gnc:account version="2.0.0">
  <act:name>Medical Expenses</act:name>
  <act:id type="guid">e32139a078641d495713b06032deceee</act:id>
  <act:type>EXPENSE</act:type>
  <act:commodity>
    <cmdty:space>ISO4217</cmdty:space>
    <cmdty:id>TWD</cmdty:id>
  </act:commodity>
  <act:commodity-scu>100</act:commodity-scu>
  <act:description>Medical Expenses</act:description>
  <act:parent type="guid">6c130d15f9c830b4d2bc9cdb117a1763</act:parent>
</gnc:account>
<gnc:account version="2.0.0">
  <act:name>Miscellaneous</act:name>
  <act:id type="guid">29a38680b47861bbc35201071431ee45</act:id>
  <act:type>EXPENSE</act:type>
  <act:commodity>
    <cmdty:space>ISO4217</cmdty:space>
    <cmdty:id>TWD</cmdty:id>
  </act:commodity>
  <act:commodity-scu>100</act:commodity-scu>
  <act:description>Miscellaneous</act:description>
  <act:parent type="guid">6c130d15f9c830b4d2bc9cdb117a1763</act:parent>
</gnc:account>
<gnc:account version="2.0.0">
  <act:name>Online Services</act:name>
  <act:id type="guid">5f36cfbc839df27d57c3a8ffa8d652c8</act:id>
  <act:type>EXPENSE</act:type>
  <act:commodity>
    <cmdty:space>ISO4217</cmdty:space>
    <cmdty:id>TWD</cmdty:id>
  </act:commodity>
  <act:commodity-scu>100</act:commodity-scu>
  <act:description>Online Services</act:description>
  <act:parent type="guid">6c130d15f9c830b4d2bc9cdb117a1763</act:parent>
</gnc:account>
<gnc:account version="2.0.0">
  <act:name>Phone</act:name>
  <act:id type="guid">7bc598720fbc4f8a5b0e30a6c767ccef</act:id>
  <act:type>EXPENSE</act:type>
  <act:commodity>
    <cmdty:space>ISO4217</cmdty:space>
    <cmdty:id>TWD</cmdty:id>
  </act:commodity>
  <act:commodity-scu>100</act:commodity-scu>
  <act:description>Phone</act:description>
  <act:parent type="guid">6c130d15f9c830b4d2bc9cdb117a1763</act:parent>
</gnc:account>
<gnc:account version="2.0.0">
  <act:name>Public Transportation</act:name>
  <act:id type="guid">9cbfbe2c7f0fc5eb5efd475f33e37b89</act:id>
  <act:type>EXPENSE</act:type>
  <act:commodity>
    <cmdty:space>ISO4217</cmdty:space>
    <cmdty:id>TWD</cmdty:id>
  </act:commodity>
  <act:commodity-scu>100</act:commodity-scu>
  <act:description>Public Transportation</act:description>
  <act:parent type="guid">6c130d15f9c830b4d2bc9cdb117a1763</act:parent>
</gnc:account>
<gnc:account version="2.0.0">
  <act:name>Subscriptions</act:name>
  <act:id type="guid">9739d73c0d030d68669d68d2e123fe3e</act:id>
  <act:type>EXPENSE</act:type>
  <act:commodity>
    <cmdty:space>ISO4217</cmdty:space>
    <cmdty:id>TWD</cmdty:id>
  </act:commodity>
  <act:commodity-scu>100</act:commodity-scu>
  <act:description>Subscriptions</act:description>
  <act:parent type="guid">6c130d15f9c830b4d2bc9cdb117a1763</act:parent>
</gnc:account>
<gnc:account version="2.0.0">
  <act:name>Supplies</act:name>
  <act:id type="guid">3bef0166c964425ee99d06c853a40af0</act:id>
  <act:type>EXPENSE</act:type>
  <act:commodity>
    <cmdty:space>ISO4217</cmdty:space>
    <cmdty:id>TWD</cmdty:id>
  </act:commodity>
  <act:commodity-scu>100</act:commodity-scu>
  <act:description>Supplies</act:description>
  <act:parent type="guid">6c130d15f9c830b4d2bc9cdb117a1763</act:parent>
</gnc:account>
<gnc:account version="2.0.0">
  <act:name>Taxes</act:name>
  <act:id type="guid">401391b12fd5865259c37a8987d412a3</act:id>
  <act:type>EXPENSE</act:type>
  <act:commodity>
    <cmdty:space>ISO4217</cmdty:space>
    <cmdty:id>TWD</cmdty:id>
  </act:commodity>
  <act:commodity-scu>100</act:commodity-scu>
  <act:description>Taxes</act:description>
  <act:parent type="guid">6c130d15f9c830b4d2bc9cdb117a1763</act:parent>
</gnc:account>
<gnc:account version="2.0.0">
  <act:name>Federal</act:name>
  <act:id type="guid">6e50b04e6e3d8bcdb3ceb0ef063d2d03</act:id>
  <act:type>EXPENSE</act:type>
  <act:commodity>
    <cmdty:space>ISO4217</cmdty:space>
    <cmdty:id>TWD</cmdty:id>
  </act:commodity>
  <act:commodity-scu>100</act:commodity-scu>
  <act:description>Federal</act:description>
  <act:parent type="guid">401391b12fd5865259c37a8987d412a3</act:parent>
</gnc:account>
<gnc:account version="2.0.0">
  <act:name>Medicare</act:name>
  <act:id type="guid">3990f58cbb85100840e3f9ba5f2366ff</act:id>
  <act:type>EXPENSE</act:type>
  <act:commodity>
    <cmdty:space>ISO4217</cmdty:space>
    <cmdty:id>TWD</cmdty:id>
  </act:commodity>
  <act:commodity-scu>100</act:commodity-scu>
  <act:description>Medicare</act:description>
  <act:parent type="guid">401391b12fd5865259c37a8987d412a3</act:parent>
</gnc:account>
<gnc:account version="2.0.0">
  <act:name>Other Tax</act:name>
  <act:id type="guid">1988567276f67359dc947a3813733188</act:id>
  <act:type>EXPENSE</act:type>
  <act:commodity>
    <cmdty:space>ISO4217</cmdty:space>
    <cmdty:id>TWD</cmdty:id>
  </act:commodity>
  <act:commodity-scu>100</act:commodity-scu>
  <act:description>Other Tax</act:description>
  <act:parent type="guid">401391b12fd5865259c37a8987d412a3</act:parent>
</gnc:account>
<gnc:account version="2.0.0">
  <act:name>Social Security</act:name>
  <act:id type="guid">e9f2876bf2e40b08f748310460ef0458</act:id>
  <act:type>EXPENSE</act:type>
  <act:commodity>
    <cmdty:space>ISO4217</cmdty:space>
    <cmdty:id>TWD</cmdty:id>
  </act:commodity>
  <act:commodity-scu>100</act:commodity-scu>
  <act:description>Social Security</act:description>
  <act:parent type="guid">401391b12fd5865259c37a8987d412a3</act:parent>
</gnc:account>
<gnc:account version="2.0.0">
  <act:name>State/Province</act:name>
  <act:id type="guid">095375351b619294a26d6e5b41e5fed5</act:id>
  <act:type>EXPENSE</act:type>
  <act:commodity>
    <cmdty:space>ISO4217</cmdty:space>
    <cmdty:id>TWD</cmdty:id>
  </act:commodity>
  <act:commodity-scu>100</act:commodity-scu>
  <act:description>State/Province</act:description>
  <act:parent type="guid">401391b12fd5865259c37a8987d412a3</act:parent>
</gnc:account>
<gnc:account version="2.0.0">
  <act:name>Utilities</act:name>
  <act:id type="guid">077223e2f98036f95abc191d8d8e8f39</act:id>
  <act:type>EXPENSE</act:type>
  <act:commodity>
    <cmdty:space>ISO4217</cmdty:space>
    <cmdty:id>TWD</cmdty:id>
  </act:commodity>
  <act:commodity-scu>100</act:commodity-scu>
  <act:description>Utilities</act:description>
  <act:parent type="guid">6c130d15f9c830b4d2bc9cdb117a1763</act:parent>
</gnc:account>
<gnc:account version="2.0.0">
  <act:name>Electric</act:name>
  <act:id type="guid">dcf73b1fa4fb59c3d12f07b9c32f998a</act:id>
  <act:type>EXPENSE</act:type>
  <act:commodity>
    <cmdty:space>ISO4217</cmdty:space>
    <cmdty:id>TWD</cmdty:id>
  </act:commodity>
  <act:commodity-scu>100</act:commodity-scu>
  <act:description>Electric</act:description>
  <act:parent type="guid">077223e2f98036f95abc191d8d8e8f39</act:parent>
</gnc:account>
<gnc:account version="2.0.0">
  <act:name>Garbage collection</act:name>
  <act:id type="guid">1a5e16f3836fad85707a1373e15ec247</act:id>
  <act:type>EXPENSE</act:type>
  <act:commodity>
    <cmdty:space>ISO4217</cmdty:space>
    <cmdty:id>TWD</cmdty:id>
  </act:commodity>
  <act:commodity-scu>100</act:commodity-scu>
  <act:description>Garbage collection</act:description>
  <act:parent type="guid">077223e2f98036f95abc191d8d8e8f39</act:parent>
</gnc:account>
<gnc:account version="2.0.0">
  <act:name>Gas</act:name>
  <act:id type="guid">dd11662660595bbf8a0d4e868a257909</act:id>
  <act:type>EXPENSE</act:type>
  <act:commodity>
    <cmdty:space>ISO4217</cmdty:space>
    <cmdty:id>TWD</cmdty:id>
  </act:commodity>
  <act:commodity-scu>100</act:commodity-scu>
  <act:description>Gas</act:description>
  <act:parent type="guid">077223e2f98036f95abc191d8d8e8f39</act:parent>
</gnc:account>
<gnc:account version="2.0.0">
  <act:name>Water</act:name>
  <act:id type="guid">62f71e5a4ce157ed63eb9ec18f9e6571</act:id>
  <act:type>EXPENSE</act:type>
  <act:commodity>
    <cmdty:space>ISO4217</cmdty:space>
    <cmdty:id>TWD</cmdty:id>
  </act:commodity>
  <act:commodity-scu>100</act:commodity-scu>
  <act:description>Water</act:description>
  <act:parent type="guid">077223e2f98036f95abc191d8d8e8f39</act:parent>
</gnc:account>
<gnc:account version="2.0.0">
  <act:name>Fees</act:name>
  <act:id type="guid">14579540cfe9579d2118184433641144</act:id>
  <act:type>EXPENSE</act:type>
  <act:commodity>
    <cmdty:space>ISO4217</cmdty:space>
    <cmdty:id>TWD</cmdty:id>
  </act:commodity>
  <act:commodity-scu>100</act:commodity-scu>
  <act:description>Fees</act:description>
  <act:parent type="guid">6c130d15f9c830b4d2bc9cdb117a1763</act:parent>
</gnc:account>
<gnc:account version="2.0.0">
  <act:name>Gas</act:name>
  <act:id type="guid">233a8015e0b5d545fa74abe0f94d51c1</act:id>
  <act:type>EXPENSE</act:type>
  <act:commodity>
    <cmdty:space>ISO4217</cmdty:space>
    <cmdty:id>TWD</cmdty:id>
  </act:commodity>
  <act:commodity-scu>100</act:commodity-scu>
  <act:description>Gas</act:description>
  <act:parent type="guid">6c130d15f9c830b4d2bc9cdb117a1763</act:parent>
</gnc:account>
<gnc:account version="2.0.0">
  <act:name>Parking</act:name>
  <act:id type="guid">05769b6e9bbee09df1e02be19ee644f1</act:id>
  <act:type>EXPENSE</act:type>
  <act:commodity>
    <cmdty:space>ISO4217</cmdty:space>
    <cmdty:id>TWD</cmdty:id>
  </act:commodity>
  <act:commodity-scu>100</act:commodity-scu>
  <act:description>Parking</act:description>
  <act:parent type="guid">6c130d15f9c830b4d2bc9cdb117a1763</act:parent>
</gnc:account>
<gnc:account version="2.0.0">
  <act:name>Repair and Maintenance</act:name>
  <act:id type="guid">496522056e8c66fd5c1f7969a2a08a5d</act:id>
  <act:type>EXPENSE</act:type>
  <act:commodity>
    <cmdty:space>ISO4217</cmdty:space>
    <cmdty:id>TWD</cmdty:id>
  </act:commodity>
  <act:commodity-scu>100</act:commodity-scu>
  <act:description>Repair and Maintenance</act:description>
  <act:parent type="guid">6c130d15f9c830b4d2bc9cdb117a1763</act:parent>
</gnc:account>
<gnc:account version="2.0.0">
  <act:name>Equity</act:name>
  <act:id type="guid">5722e669de55c361f57d21104acb53cb</act:id>
  <act:type>EQUITY</act:type>
  <act:commodity>
    <cmdty:space>ISO4217</cmdty:space>
    <cmdty:id>TWD</cmdty:id>
  </act:commodity>
  <act:commodity-scu>100</act:commodity-scu>
  <act:description>Equity</act:description>
  <act:slots>
    <slot>
      <slot:key>placeholder</slot:key>
      <slot:value type="string">true</slot:value>
    </slot>
  </act:slots>
  <act:parent type="guid">8503f6a3793d37049bf090c6726136ca</act:parent>
</gnc:account>
<gnc:account version="2.0.0">
  <act:name>Opening Balance TWD</act:name>
  <act:id type="guid">ef188a8aaf6a5e03c5a2549413bba60c</act:id>
  <act:type>EQUITY</act:type>
  <act:commodity>
    <cmdty:space>ISO4217</cmdty:space>
    <cmdty:id>TWD</cmdty:id>
  </act:commodity>
  <act:commodity-scu>100</act:commodity-scu>
  <act:description>Opening Balance TWD</act:description>
  <act:slots>
    <slot>
      <slot:key>color</slot:key>
      <slot:value type="string">Not Set</slot:value>
    </slot>
  </act:slots>
  <act:parent type="guid">5722e669de55c361f57d21104acb53cb</act:parent>
</gnc:account>
<gnc:account version="2.0.0">
  <act:name>Opening Balance GBP</act:name>
  <act:id type="guid">b82d1edbf79d6880f752a487e8052e4f</act:id>
  <act:type>EQUITY</act:type>
  <act:commodity>
    <cmdty:space>ISO4217</cmdty:space>
    <cmdty:id>GBP</cmdty:id>
  </act:commodity>
  <act:commodity-scu>100</act:commodity-scu>
  <act:description>Opening Balance GBP</act:description>
  <act:slots>
    <slot>
      <slot:key>color</slot:key>
      <slot:value type="string">Not Set</slot:value>
    </slot>
  </act:slots>
  <act:parent type="guid">5722e669de55c361f57d21104acb53cb</act:parent>
</gnc:account>
<gnc:account version="2.0.0">
  <act:name>Opening Balance HUF</act:name>
  <act:id type="guid">65b9e0cc79311b5843d3c6a1a33172d4</act:id>
  <act:type>EQUITY</act:type>
  <act:commodity>
    <cmdty:space>ISO4217</cmdty:space>
    <cmdty:id>HUF</cmdty:id>
  </act:commodity>
  <act:commodity-scu>100</act:commodity-scu>
  <act:description>Opening Balance HUF</act:description>
  <act:slots>
    <slot>
      <slot:key>color</slot:key>
      <slot:value type="string">Not Set</slot:value>
    </slot>
  </act:slots>
  <act:parent type="guid">5722e669de55c361f57d21104acb53cb</act:parent>
</gnc:account>
<gnc:transaction version="2.0.0">
  <trn:id type="guid">867b4f310ab0d75ffd7daaccc2f96a6a</trn:id>
  <trn:currency>
    <cmdty:space>ISO4217</cmdty:space>
    <cmdty:id>TWD</cmdty:id>
  </trn:currency>
  <trn:date-posted>
    <ts:date>2012-06-02 00:00:00 +0800</ts:date>
  </trn:date-posted>
  <trn:date-entered>
    <ts:date>2012-06-04 08:56:53 +0800</ts:date>
  </trn:date-entered>
  <trn:description>Electricity</trn:description>
  <trn:slots>
    <slot>
      <slot:key>date-posted</slot:key>
      <slot:value type="gdate">
        <gdate>2012-06-02</gdate>
      </slot:value>
    </slot>
  </trn:slots>
  <trn:splits>
    <trn:split>
      <split:id type="guid">93d948bf4cc6010bc0c78a18f6f93693</split:id>
      <split:reconciled-state>n</split:reconciled-state>
      <split:value>38000/100</split:value>
      <split:quantity>38000/100</split:quantity>
      <split:account type="guid">dcf73b1fa4fb59c3d12f07b9c32f998a</split:account>
    </trn:split>
    <trn:split>
      <split:id type="guid">6f31e87e209aa9c49c5a7d5f8a61a9dc</split:id>
      <split:reconciled-state>n</split:reconciled-state>
      <split:value>-38000/100</split:value>
      <split:quantity>-38000/100</split:quantity>
      <split:account type="guid">5e9ad3c288c292b8b5d97bf04397a278</split:account>
    </trn:split>
  </trn:splits>
</gnc:transaction>
<gnc:transaction version="2.0.0">
  <trn:id type="guid">24766b67d1d24c0944960212a2027309</trn:id>
  <trn:currency>
    <cmdty:space>ISO4217</cmdty:space>
    <cmdty:id>TWD</cmdty:id>
  </trn:currency>
  <trn:date-posted>
    <ts:date>2012-06-02 00:00:00 +0800</ts:date>
  </trn:date-posted>
  <trn:date-entered>
    <ts:date>2012-06-04 08:57:20 +0800</ts:date>
  </trn:date-entered>
  <trn:description>Transfer fee</trn:description>
  <trn:splits>
    <trn:split>
      <split:id type="guid">ac6f607dc8dfca738e4a708638e0d918</split:id>
      <split:reconciled-state>n</split:reconciled-state>
      <split:value>1500/100</split:value>
      <split:quantity>1500/100</split:quantity>
      <split:account type="guid">8a9a3612faa9486530247f08dadcf673</split:account>
    </trn:split>
    <trn:split>
      <split:id type="guid">1a11ec1da327a0e160fafd472844b740</split:id>
      <split:reconciled-state>n</split:reconciled-state>
      <split:value>-1500/100</split:value>
      <split:quantity>-1500/100</split:quantity>
      <split:account type="guid">5e9ad3c288c292b8b5d97bf04397a278</split:account>
    </trn:split>
  </trn:splits>
</gnc:transaction>
<gnc:transaction version="2.0.0">
  <trn:id type="guid">6b8c7a5148860ee3a6ff1432a8066b38</trn:id>
  <trn:currency>
    <cmdty:space>ISO4217</cmdty:space>
    <cmdty:id>TWD</cmdty:id>
  </trn:currency>
  <trn:date-posted>
    <ts:date>2012-06-02 00:00:00 +0800</ts:date>
  </trn:date-posted>
  <trn:date-entered>
    <ts:date>2012-06-04 08:58:12 +0800</ts:date>
  </trn:date-entered>
  <trn:description>Rearrange funds</trn:description>
  <trn:slots>
    <slot>
      <slot:key>date-posted</slot:key>
      <slot:value type="gdate">
        <gdate>2012-06-02</gdate>
      </slot:value>
    </slot>
  </trn:slots>
  <trn:splits>
    <trn:split>
      <split:id type="guid">747801367307dd3d033e68fca616253f</split:id>
      <split:reconciled-state>n</split:reconciled-state>
      <split:value>500000/100</split:value>
      <split:quantity>500000/100</split:quantity>
      <split:account type="guid">b0c4c6547397d5f05173d8e06d6c4379</split:account>
    </trn:split>
    <trn:split>
      <split:id type="guid">0e2a30a4cb52eba40959cb7152c11d08</split:id>
      <split:reconciled-state>n</split:reconciled-state>
      <split:value>-500000/100</split:value>
      <split:quantity>-500000/100</split:quantity>
      <split:account type="guid">5e9ad3c288c292b8b5d97bf04397a278</split:account>
    </trn:split>
  </trn:splits>
</gnc:transaction>
<gnc:transaction version="2.0.0">
  <trn:id type="guid">40a59399a4ef53634fa1c32102f498c0</trn:id>
  <trn:currency>
    <cmdty:space>ISO4217</cmdty:space>
    <cmdty:id>TWD</cmdty:id>
  </trn:currency>
  <trn:date-posted>
    <ts:date>2012-06-14 00:00:00 +0800</ts:date>
  </trn:date-posted>
  <trn:date-entered>
    <ts:date>2012-06-15 14:06:17 +0800</ts:date>
  </trn:date-entered>
  <trn:description>Withdraw</trn:description>
  <trn:slots>
    <slot>
      <slot:key>notes</slot:key>
      <slot:value type="string"></slot:value>
    </slot>
  </trn:slots>
  <trn:splits>
    <trn:split>
      <split:id type="guid">bbde99bb31be06991633337a98989cac</split:id>
      <split:reconciled-state>n</split:reconciled-state>
      <split:value>300000/100</split:value>
      <split:quantity>300000/100</split:quantity>
      <split:account type="guid">c7b10d6ceb9c168c97769b924fbcfd33</split:account>
    </trn:split>
    <trn:split>
      <split:id type="guid">db44dd40fc03045ef28806ba45ad4f3e</split:id>
      <split:reconciled-state>n</split:reconciled-state>
      <split:value>-300000/100</split:value>
      <split:quantity>-300000/100</split:quantity>
      <split:account type="guid">5e9ad3c288c292b8b5d97bf04397a278</split:account>
    </trn:split>
  </trn:splits>
</gnc:transaction>
<gnc:transaction version="2.0.0">
  <trn:id type="guid">fbc49c8bece6aec7bf3c24551a8fa572</trn:id>
  <trn:currency>
    <cmdty:space>ISO4217</cmdty:space>
    <cmdty:id>TWD</cmdty:id>
  </trn:currency>
  <trn:date-posted>
    <ts:date>2012-06-09 00:00:00 +0800</ts:date>
  </trn:date-posted>
  <trn:date-entered>
    <ts:date>2012-06-12 16:44:04 +0800</ts:date>
  </trn:date-entered>
  <trn:description>Withdraw</trn:description>
  <trn:splits>
    <trn:split>
      <split:id type="guid">554dfb13d570a6a9aabe6f6b992273ea</split:id>
      <split:reconciled-state>n</split:reconciled-state>
      <split:value>300000/100</split:value>
      <split:quantity>300000/100</split:quantity>
      <split:account type="guid">c7b10d6ceb9c168c97769b924fbcfd33</split:account>
    </trn:split>
    <trn:split>
      <split:id type="guid">a7f1d3ee42bf96d7feab545e31c51948</split:id>
      <split:reconciled-state>n</split:reconciled-state>
      <split:value>-300000/100</split:value>
      <split:quantity>-300000/100</split:quantity>
      <split:account type="guid">b0c4c6547397d5f05173d8e06d6c4379</split:account>
    </trn:split>
  </trn:splits>
</gnc:transaction>
<gnc:transaction version="2.0.0">
  <trn:id type="guid">1319322487c97f92e7a563c4b1665a75</trn:id>
  <trn:currency>
    <cmdty:space>ISO4217</cmdty:space>
    <cmdty:id>TWD</cmdty:id>
  </trn:currency>
  <trn:num>1</trn:num>
  <trn:date-posted>
    <ts:date>2012-02-02 00:00:00 +0800</ts:date>
  </trn:date-posted>
  <trn:date-entered>
    <ts:date>2012-02-02 12:32:07 +0800</ts:date>
  </trn:date-entered>
  <trn:description>Cash in pocket</trn:description>
  <trn:splits>
    <trn:split>
      <split:id type="guid">92b3f1a04518cdef17f604dc67b97b64</split:id>
      <split:reconciled-state>n</split:reconciled-state>
      <split:value>160700/100</split:value>
      <split:quantity>160700/100</split:quantity>
      <split:account type="guid">c7b10d6ceb9c168c97769b924fbcfd33</split:account>
    </trn:split>
    <trn:split>
      <split:id type="guid">ea494471a70634be25c8bd7aa7a6e391</split:id>
      <split:reconciled-state>n</split:reconciled-state>
      <split:value>-160700/100</split:value>
      <split:quantity>-160700/100</split:quantity>
      <split:account type="guid">ef188a8aaf6a5e03c5a2549413bba60c</split:account>
    </trn:split>
  </trn:splits>
</gnc:transaction>
<gnc:transaction version="2.0.0">
  <trn:id type="guid">a656a1d4a229f0981f33efff21f7f657</trn:id>
  <trn:currency>
    <cmdty:space>ISO4217</cmdty:space>
    <cmdty:id>TWD</cmdty:id>
  </trn:currency>
  <trn:num>2</trn:num>
  <trn:date-posted>
    <ts:date>2012-02-02 00:00:00 +0800</ts:date>
  </trn:date-posted>
  <trn:date-entered>
    <ts:date>2012-02-02 12:27:28 +0800</ts:date>
  </trn:date-entered>
  <trn:description>Bakery</trn:description>
  <trn:slots>
    <slot>
      <slot:key>date-posted</slot:key>
      <slot:value type="gdate">
        <gdate>2012-02-02</gdate>
      </slot:value>
    </slot>
  </trn:slots>
  <trn:splits>
    <trn:split>
      <split:id type="guid">c056f8034cab7ab19fdfa555039afe43</split:id>
      <split:reconciled-state>n</split:reconciled-state>
      <split:value>6000/100</split:value>
      <split:quantity>6000/100</split:quantity>
      <split:account type="guid">4a36121ede3d0e7828c9e5ab247b90ca</split:account>
    </trn:split>
    <trn:split>
      <split:id type="guid">fd7193c863f953746f60775e8afd5c00</split:id>
      <split:reconciled-state>n</split:reconciled-state>
      <split:value>-6000/100</split:value>
      <split:quantity>-6000/100</split:quantity>
      <split:account type="guid">c7b10d6ceb9c168c97769b924fbcfd33</split:account>
    </trn:split>
  </trn:splits>
</gnc:transaction>
<gnc:transaction version="2.0.0">
  <trn:id type="guid">31843557fab5344f0f0fd1e8fef7f39a</trn:id>
  <trn:currency>
    <cmdty:space>ISO4217</cmdty:space>
    <cmdty:id>TWD</cmdty:id>
  </trn:currency>
  <trn:date-posted>
    <ts:date>2012-05-27 00:00:00 +0800</ts:date>
  </trn:date-posted>
  <trn:date-entered>
    <ts:date>2012-05-29 09:32:00 +0800</ts:date>
  </trn:date-entered>
  <trn:description>Future Shorts ticket sale</trn:description>
  <trn:slots>
    <slot>
      <slot:key>date-posted</slot:key>
      <slot:value type="gdate">
        <gdate>2012-05-27</gdate>
      </slot:value>
    </slot>
  </trn:slots>
  <trn:splits>
    <trn:split>
      <split:id type="guid">5f5960dd4798876ceaf497949d138eca</split:id>
      <split:reconciled-state>n</split:reconciled-state>
      <split:value>420000/100</split:value>
      <split:quantity>420000/100</split:quantity>
      <split:account type="guid">c7b10d6ceb9c168c97769b924fbcfd33</split:account>
    </trn:split>
    <trn:split>
      <split:id type="guid">9665f78486f54e985138f5f12eea6391</split:id>
      <split:reconciled-state>n</split:reconciled-state>
      <split:value>-420000/100</split:value>
      <split:quantity>-420000/100</split:quantity>
      <split:account type="guid">4e751bfc9e1cf2b280bd8fad420a8884</split:account>
    </trn:split>
  </trn:splits>
</gnc:transaction>
<gnc:transaction version="2.0.0">
  <trn:id type="guid">a6d452f976e478d22b332209656f1abf</trn:id>
  <trn:currency>
    <cmdty:space>ISO4217</cmdty:space>
    <cmdty:id>TWD</cmdty:id>
  </trn:currency>
  <trn:date-posted>
    <ts:date>2012-05-28 00:00:00 +0800</ts:date>
  </trn:date-posted>
  <trn:date-entered>
    <ts:date>2012-05-28 12:27:41 +0800</ts:date>
  </trn:date-entered>
  <trn:description>Breakfast</trn:description>
  <trn:splits>
    <trn:split>
      <split:id type="guid">2f801ba6c67032b00de8e294e654c381</split:id>
      <split:reconciled-state>n</split:reconciled-state>
      <split:value>4000/100</split:value>
      <split:quantity>4000/100</split:quantity>
      <split:account type="guid">4a36121ede3d0e7828c9e5ab247b90ca</split:account>
    </trn:split>
    <trn:split>
      <split:id type="guid">2fe228a719dc2aa7ea39b50c61318918</split:id>
      <split:reconciled-state>n</split:reconciled-state>
      <split:value>-4000/100</split:value>
      <split:quantity>-4000/100</split:quantity>
      <split:account type="guid">c7b10d6ceb9c168c97769b924fbcfd33</split:account>
    </trn:split>
  </trn:splits>
</gnc:transaction>
<gnc:transaction version="2.0.0">
  <trn:id type="guid">51d30fa725919fa607f63db01fb4901d</trn:id>
  <trn:currency>
    <cmdty:space>ISO4217</cmdty:space>
    <cmdty:id>TWD</cmdty:id>
  </trn:currency>
  <trn:date-posted>
    <ts:date>2012-05-28 00:00:00 +0800</ts:date>
  </trn:date-posted>
  <trn:date-entered>
    <ts:date>2012-05-28 12:34:58 +0800</ts:date>
  </trn:date-entered>
  <trn:description>Matching balance</trn:description>
  <trn:splits>
    <trn:split>
      <split:id type="guid">39478923ab4bdbed344d38548a75d05f</split:id>
      <split:reconciled-state>n</split:reconciled-state>
      <split:value>340800/100</split:value>
      <split:quantity>340800/100</split:quantity>
      <split:account type="guid">c7b10d6ceb9c168c97769b924fbcfd33</split:account>
    </trn:split>
    <trn:split>
      <split:id type="guid">38d9c8a55f64646063f9711831959978</split:id>
      <split:reconciled-state>n</split:reconciled-state>
      <split:value>-340800/100</split:value>
      <split:quantity>-340800/100</split:quantity>
      <split:account type="guid">ef188a8aaf6a5e03c5a2549413bba60c</split:account>
    </trn:split>
  </trn:splits>
</gnc:transaction>
<gnc:transaction version="2.0.0">
  <trn:id type="guid">aab7df002c97e8b7f33544ee614a5ce7</trn:id>
  <trn:currency>
    <cmdty:space>ISO4217</cmdty:space>
    <cmdty:id>TWD</cmdty:id>
  </trn:currency>
  <trn:date-posted>
    <ts:date>2012-05-28 00:00:00 +0800</ts:date>
  </trn:date-posted>
  <trn:date-entered>
    <ts:date>2012-05-28 15:30:00 +0800</ts:date>
  </trn:date-entered>
  <trn:description>Financial support from conference</trn:description>
  <trn:splits>
    <trn:split>
      <split:id type="guid">9650df024d5dfb9d281b71dbc102ba02</split:id>
      <split:reconciled-state>n</split:reconciled-state>
      <split:value>131500/100</split:value>
      <split:quantity>131500/100</split:quantity>
      <split:account type="guid">c7b10d6ceb9c168c97769b924fbcfd33</split:account>
    </trn:split>
    <trn:split>
      <split:id type="guid">ae2b3d91457f74709c0002887ad90e1c</split:id>
      <split:reconciled-state>n</split:reconciled-state>
      <split:value>-131500/100</split:value>
      <split:quantity>-131500/100</split:quantity>
      <split:account type="guid">4e751bfc9e1cf2b280bd8fad420a8884</split:account>
    </trn:split>
  </trn:splits>
</gnc:transaction>
<gnc:transaction version="2.0.0">
  <trn:id type="guid">33ed014260c070f89e2e7ab425f859ab</trn:id>
  <trn:currency>
    <cmdty:space>ISO4217</cmdty:space>
    <cmdty:id>TWD</cmdty:id>
  </trn:currency>
  <trn:date-posted>
    <ts:date>2012-05-28 00:00:00 +0800</ts:date>
  </trn:date-posted>
  <trn:date-entered>
    <ts:date>2012-05-28 15:30:39 +0800</ts:date>
  </trn:date-entered>
  <trn:description>Lunch</trn:description>
  <trn:splits>
    <trn:split>
      <split:id type="guid">af0c62134914aae2138bac374cbd3ef4</split:id>
      <split:reconciled-state>n</split:reconciled-state>
      <split:value>8000/100</split:value>
      <split:quantity>8000/100</split:quantity>
      <split:account type="guid">4a36121ede3d0e7828c9e5ab247b90ca</split:account>
    </trn:split>
    <trn:split>
      <split:id type="guid">02d93f06fd4c90af6a07c1c0a9412025</split:id>
      <split:reconciled-state>n</split:reconciled-state>
      <split:value>-8000/100</split:value>
      <split:quantity>-8000/100</split:quantity>
      <split:account type="guid">c7b10d6ceb9c168c97769b924fbcfd33</split:account>
    </trn:split>
  </trn:splits>
</gnc:transaction>
<gnc:transaction version="2.0.0">
  <trn:id type="guid">670ef43ef8d39b60921e86fd85d1db5f</trn:id>
  <trn:currency>
    <cmdty:space>ISO4217</cmdty:space>
    <cmdty:id>TWD</cmdty:id>
  </trn:currency>
  <trn:date-posted>
    <ts:date>2012-05-28 00:00:00 +0800</ts:date>
  </trn:date-posted>
  <trn:date-entered>
    <ts:date>2012-05-28 15:30:54 +0800</ts:date>
  </trn:date-entered>
  <trn:description>Coffee</trn:description>
  <trn:splits>
    <trn:split>
      <split:id type="guid">32a86832c6935e048d1f812aa1e03617</split:id>
      <split:reconciled-state>n</split:reconciled-state>
      <split:value>6000/100</split:value>
      <split:quantity>6000/100</split:quantity>
      <split:account type="guid">4a36121ede3d0e7828c9e5ab247b90ca</split:account>
    </trn:split>
    <trn:split>
      <split:id type="guid">4dd5ee63f916a6afd19c03d5b5cee01d</split:id>
      <split:reconciled-state>n</split:reconciled-state>
      <split:value>-6000/100</split:value>
      <split:quantity>-6000/100</split:quantity>
      <split:account type="guid">c7b10d6ceb9c168c97769b924fbcfd33</split:account>
    </trn:split>
  </trn:splits>
</gnc:transaction>
<gnc:transaction version="2.0.0">
  <trn:id type="guid">065cb694bfde8104ac1a0cae1bb00a7b</trn:id>
  <trn:currency>
    <cmdty:space>ISO4217</cmdty:space>
    <cmdty:id>TWD</cmdty:id>
  </trn:currency>
  <trn:date-posted>
    <ts:date>2012-05-28 00:00:00 +0800</ts:date>
  </trn:date-posted>
  <trn:date-entered>
    <ts:date>2012-05-29 09:28:44 +0800</ts:date>
  </trn:date-entered>
  <trn:description>Watch battery</trn:description>
  <trn:slots>
    <slot>
      <slot:key>date-posted</slot:key>
      <slot:value type="gdate">
        <gdate>2012-05-28</gdate>
      </slot:value>
    </slot>
  </trn:slots>
  <trn:splits>
    <trn:split>
      <split:id type="guid">91911fe11127a5c88a482a1cb61e6bd0</split:id>
      <split:reconciled-state>n</split:reconciled-state>
      <split:value>10000/100</split:value>
      <split:quantity>10000/100</split:quantity>
      <split:account type="guid">496522056e8c66fd5c1f7969a2a08a5d</split:account>
    </trn:split>
    <trn:split>
      <split:id type="guid">588cd810d9c0c7cd4dfae29a9a51637b</split:id>
      <split:reconciled-state>n</split:reconciled-state>
      <split:value>-10000/100</split:value>
      <split:quantity>-10000/100</split:quantity>
      <split:account type="guid">c7b10d6ceb9c168c97769b924fbcfd33</split:account>
    </trn:split>
  </trn:splits>
</gnc:transaction>
<gnc:transaction version="2.0.0">
  <trn:id type="guid">986f1b59d887be94b4f768c6f2a3ca48</trn:id>
  <trn:currency>
    <cmdty:space>ISO4217</cmdty:space>
    <cmdty:id>TWD</cmdty:id>
  </trn:currency>
  <trn:date-posted>
    <ts:date>2012-05-28 00:00:00 +0800</ts:date>
  </trn:date-posted>
  <trn:date-entered>
    <ts:date>2012-05-29 09:28:56 +0800</ts:date>
  </trn:date-entered>
  <trn:description>Dinner</trn:description>
  <trn:slots>
    <slot>
      <slot:key>date-posted</slot:key>
      <slot:value type="gdate">
        <gdate>2012-05-28</gdate>
      </slot:value>
    </slot>
  </trn:slots>
  <trn:splits>
    <trn:split>
      <split:id type="guid">f87531034da53ab39864809dbe87ef95</split:id>
      <split:reconciled-state>n</split:reconciled-state>
      <split:value>19500/100</split:value>
      <split:quantity>19500/100</split:quantity>
      <split:account type="guid">4a36121ede3d0e7828c9e5ab247b90ca</split:account>
    </trn:split>
    <trn:split>
      <split:id type="guid">8000a58d38ce2d86748bccdcb9b97ddd</split:id>
      <split:reconciled-state>n</split:reconciled-state>
      <split:value>-19500/100</split:value>
      <split:quantity>-19500/100</split:quantity>
      <split:account type="guid">c7b10d6ceb9c168c97769b924fbcfd33</split:account>
    </trn:split>
  </trn:splits>
</gnc:transaction>
<gnc:transaction version="2.0.0">
  <trn:id type="guid">c93d8ee7c70e42fc50ec431510f68d91</trn:id>
  <trn:currency>
    <cmdty:space>ISO4217</cmdty:space>
    <cmdty:id>TWD</cmdty:id>
  </trn:currency>
  <trn:date-posted>
    <ts:date>2012-05-28 00:00:00 +0800</ts:date>
  </trn:date-posted>
  <trn:date-entered>
    <ts:date>2012-05-29 09:29:10 +0800</ts:date>
  </trn:date-entered>
  <trn:description>Drink</trn:description>
  <trn:slots>
    <slot>
      <slot:key>date-posted</slot:key>
      <slot:value type="gdate">
        <gdate>2012-05-28</gdate>
      </slot:value>
    </slot>
  </trn:slots>
  <trn:splits>
    <trn:split>
      <split:id type="guid">7ddd8504a63a665ced4694da628d7e46</split:id>
      <split:reconciled-state>n</split:reconciled-state>
      <split:value>3000/100</split:value>
      <split:quantity>3000/100</split:quantity>
      <split:account type="guid">4a36121ede3d0e7828c9e5ab247b90ca</split:account>
    </trn:split>
    <trn:split>
      <split:id type="guid">1028064f1593aeff03a71402a7938dd0</split:id>
      <split:reconciled-state>n</split:reconciled-state>
      <split:value>-3000/100</split:value>
      <split:quantity>-3000/100</split:quantity>
      <split:account type="guid">c7b10d6ceb9c168c97769b924fbcfd33</split:account>
    </trn:split>
  </trn:splits>
</gnc:transaction>
<gnc:transaction version="2.0.0">
  <trn:id type="guid">09a8aea9fb0202e638d9b2bad6f68102</trn:id>
  <trn:currency>
    <cmdty:space>ISO4217</cmdty:space>
    <cmdty:id>TWD</cmdty:id>
  </trn:currency>
  <trn:date-posted>
    <ts:date>2012-05-28 00:00:00 +0800</ts:date>
  </trn:date-posted>
  <trn:date-entered>
    <ts:date>2012-05-29 09:29:26 +0800</ts:date>
  </trn:date-entered>
  <trn:description>Wine tasting</trn:description>
  <trn:slots>
    <slot>
      <slot:key>date-posted</slot:key>
      <slot:value type="gdate">
        <gdate>2012-05-28</gdate>
      </slot:value>
    </slot>
  </trn:slots>
  <trn:splits>
    <trn:split>
      <split:id type="guid">e34ac4c58d32403f5525c8f802c3496c</split:id>
      <split:reconciled-state>n</split:reconciled-state>
      <split:value>26000/100</split:value>
      <split:quantity>26000/100</split:quantity>
      <split:account type="guid">4a36121ede3d0e7828c9e5ab247b90ca</split:account>
    </trn:split>
    <trn:split>
      <split:id type="guid">75f3e3f8e7397d689407289d64c91459</split:id>
      <split:reconciled-state>n</split:reconciled-state>
      <split:value>-26000/100</split:value>
      <split:quantity>-26000/100</split:quantity>
      <split:account type="guid">c7b10d6ceb9c168c97769b924fbcfd33</split:account>
    </trn:split>
  </trn:splits>
</gnc:transaction>
<gnc:transaction version="2.0.0">
  <trn:id type="guid">de234e2c2ce75a7d78d990a15c687ce6</trn:id>
  <trn:currency>
    <cmdty:space>ISO4217</cmdty:space>
    <cmdty:id>TWD</cmdty:id>
  </trn:currency>
  <trn:date-posted>
    <ts:date>2012-05-29 00:00:00 +0800</ts:date>
  </trn:date-posted>
  <trn:date-entered>
    <ts:date>2012-05-29 09:29:55 +0800</ts:date>
  </trn:date-entered>
  <trn:description>Brakfast</trn:description>
  <trn:splits>
    <trn:split>
      <split:id type="guid">16cd18486960ee5441922f521b44c7d1</split:id>
      <split:reconciled-state>n</split:reconciled-state>
      <split:value>3500/100</split:value>
      <split:quantity>3500/100</split:quantity>
      <split:account type="guid">4a36121ede3d0e7828c9e5ab247b90ca</split:account>
    </trn:split>
    <trn:split>
      <split:id type="guid">453340c2f67068643bab2f271442cbff</split:id>
      <split:reconciled-state>n</split:reconciled-state>
      <split:value>-3500/100</split:value>
      <split:quantity>-3500/100</split:quantity>
      <split:account type="guid">c7b10d6ceb9c168c97769b924fbcfd33</split:account>
    </trn:split>
  </trn:splits>
</gnc:transaction>
<gnc:transaction version="2.0.0">
  <trn:id type="guid">3fd28bad10fecb00c2cb3e649606421c</trn:id>
  <trn:currency>
    <cmdty:space>ISO4217</cmdty:space>
    <cmdty:id>TWD</cmdty:id>
  </trn:currency>
  <trn:date-posted>
    <ts:date>2012-05-29 00:00:00 +0800</ts:date>
  </trn:date-posted>
  <trn:date-entered>
    <ts:date>2012-05-29 13:36:33 +0800</ts:date>
  </trn:date-entered>
  <trn:description>Coffee</trn:description>
  <trn:slots>
    <slot>
      <slot:key>notes</slot:key>
      <slot:value type="string"></slot:value>
    </slot>
  </trn:slots>
  <trn:splits>
    <trn:split>
      <split:id type="guid">6a9556f2d07e1906f004ff3f061fdf4d</split:id>
      <split:reconciled-state>n</split:reconciled-state>
      <split:value>4000/100</split:value>
      <split:quantity>4000/100</split:quantity>
      <split:account type="guid">4a36121ede3d0e7828c9e5ab247b90ca</split:account>
    </trn:split>
    <trn:split>
      <split:id type="guid">03a2e0d8cbc9fb083c29a352ab2652c5</split:id>
      <split:reconciled-state>n</split:reconciled-state>
      <split:value>-4000/100</split:value>
      <split:quantity>-4000/100</split:quantity>
      <split:account type="guid">c7b10d6ceb9c168c97769b924fbcfd33</split:account>
    </trn:split>
  </trn:splits>
</gnc:transaction>
<gnc:transaction version="2.0.0">
  <trn:id type="guid">651ee123363e9a2a82e3a62b5d6961d3</trn:id>
  <trn:currency>
    <cmdty:space>ISO4217</cmdty:space>
    <cmdty:id>TWD</cmdty:id>
  </trn:currency>
  <trn:date-posted>
    <ts:date>2012-05-29 00:00:00 +0800</ts:date>
  </trn:date-posted>
  <trn:date-entered>
    <ts:date>2012-05-29 13:36:38 +0800</ts:date>
  </trn:date-entered>
  <trn:description>Lunch</trn:description>
  <trn:slots>
    <slot>
      <slot:key>notes</slot:key>
      <slot:value type="string"></slot:value>
    </slot>
  </trn:slots>
  <trn:splits>
    <trn:split>
      <split:id type="guid">9401b61e75b1aa93932b7c6091eb13a7</split:id>
      <split:reconciled-state>n</split:reconciled-state>
      <split:value>10000/100</split:value>
      <split:quantity>10000/100</split:quantity>
      <split:account type="guid">4a36121ede3d0e7828c9e5ab247b90ca</split:account>
    </trn:split>
    <trn:split>
      <split:id type="guid">3b470defcbac630128ea2266656bb357</split:id>
      <split:reconciled-state>n</split:reconciled-state>
      <split:value>-10000/100</split:value>
      <split:quantity>-10000/100</split:quantity>
      <split:account type="guid">c7b10d6ceb9c168c97769b924fbcfd33</split:account>
    </trn:split>
  </trn:splits>
</gnc:transaction>
<gnc:transaction version="2.0.0">
  <trn:id type="guid">e670eed226c593f8e58877082c95ad9f</trn:id>
  <trn:currency>
    <cmdty:space>ISO4217</cmdty:space>
    <cmdty:id>TWD</cmdty:id>
  </trn:currency>
  <trn:date-posted>
    <ts:date>2012-05-29 00:00:00 +0800</ts:date>
  </trn:date-posted>
  <trn:date-entered>
    <ts:date>2012-05-29 13:38:01 +0800</ts:date>
  </trn:date-entered>
  <trn:description>Postcards</trn:description>
  <trn:splits>
    <trn:split>
      <split:id type="guid">fa940166476e1d8f2bd9e749e999572a</split:id>
      <split:reconciled-state>n</split:reconciled-state>
      <split:value>63600/100</split:value>
      <split:quantity>63600/100</split:quantity>
      <split:account type="guid">f7732541a120c72241ba8c32e1b39ea3</split:account>
    </trn:split>
    <trn:split>
      <split:id type="guid">d820a2f861cd48c560da96b2eae6bc97</split:id>
      <split:reconciled-state>n</split:reconciled-state>
      <split:value>-63600/100</split:value>
      <split:quantity>-63600/100</split:quantity>
      <split:account type="guid">c7b10d6ceb9c168c97769b924fbcfd33</split:account>
    </trn:split>
  </trn:splits>
</gnc:transaction>
<gnc:transaction version="2.0.0">
  <trn:id type="guid">bf14bd822352837d0e1b50d840d418a2</trn:id>
  <trn:currency>
    <cmdty:space>ISO4217</cmdty:space>
    <cmdty:id>TWD</cmdty:id>
  </trn:currency>
  <trn:date-posted>
    <ts:date>2012-05-29 00:00:00 +0800</ts:date>
  </trn:date-posted>
  <trn:date-entered>
    <ts:date>2012-05-29 13:38:12 +0800</ts:date>
  </trn:date-entered>
  <trn:description>Chocolate</trn:description>
  <trn:splits>
    <trn:split>
      <split:id type="guid">e0ac8fbecba1f36463c720732688f1a5</split:id>
      <split:reconciled-state>n</split:reconciled-state>
      <split:value>16700/100</split:value>
      <split:quantity>16700/100</split:quantity>
      <split:account type="guid">f7732541a120c72241ba8c32e1b39ea3</split:account>
    </trn:split>
    <trn:split>
      <split:id type="guid">882ec04bfe2ac74ae0bf10c8f3b3842e</split:id>
      <split:reconciled-state>n</split:reconciled-state>
      <split:value>-16700/100</split:value>
      <split:quantity>-16700/100</split:quantity>
      <split:account type="guid">c7b10d6ceb9c168c97769b924fbcfd33</split:account>
    </trn:split>
  </trn:splits>
</gnc:transaction>
<gnc:transaction version="2.0.0">
  <trn:id type="guid">4c505a3eed8b0776e9cb80b97c7a4bdb</trn:id>
  <trn:currency>
    <cmdty:space>ISO4217</cmdty:space>
    <cmdty:id>TWD</cmdty:id>
  </trn:currency>
  <trn:date-posted>
    <ts:date>2012-05-29 00:00:00 +0800</ts:date>
  </trn:date-posted>
  <trn:date-entered>
    <ts:date>2012-05-30 12:58:52 +0800</ts:date>
  </trn:date-entered>
  <trn:description>Astronautics book</trn:description>
  <trn:slots>
    <slot>
      <slot:key>date-posted</slot:key>
      <slot:value type="gdate">
        <gdate>2012-05-29</gdate>
      </slot:value>
    </slot>
  </trn:slots>
  <trn:splits>
    <trn:split>
      <split:id type="guid">760aa5e17baaeb5ec4de7c9bfd8b288c</split:id>
      <split:reconciled-state>n</split:reconciled-state>
      <split:value>82500/100</split:value>
      <split:quantity>82500/100</split:quantity>
      <split:account type="guid">5dea6beaa511a893bb4bc7a602c4a4db</split:account>
    </trn:split>
    <trn:split>
      <split:id type="guid">fc9a81f258c5e58ddc263bbebf2a2f4f</split:id>
      <split:reconciled-state>n</split:reconciled-state>
      <split:value>-82500/100</split:value>
      <split:quantity>-82500/100</split:quantity>
      <split:account type="guid">c7b10d6ceb9c168c97769b924fbcfd33</split:account>
    </trn:split>
  </trn:splits>
</gnc:transaction>
<gnc:transaction version="2.0.0">
  <trn:id type="guid">c8df8e4fc3e6b6983e9b1dcff0ae33b2</trn:id>
  <trn:currency>
    <cmdty:space>ISO4217</cmdty:space>
    <cmdty:id>TWD</cmdty:id>
  </trn:currency>
  <trn:date-posted>
    <ts:date>2012-05-29 00:00:00 +0800</ts:date>
  </trn:date-posted>
  <trn:date-entered>
    <ts:date>2012-05-30 12:59:11 +0800</ts:date>
  </trn:date-entered>
  <trn:description>Water</trn:description>
  <trn:slots>
    <slot>
      <slot:key>date-posted</slot:key>
      <slot:value type="gdate">
        <gdate>2012-05-29</gdate>
      </slot:value>
    </slot>
  </trn:slots>
  <trn:splits>
    <trn:split>
      <split:id type="guid">6e9d48e68c01259c75f63d1134a8172d</split:id>
      <split:reconciled-state>n</split:reconciled-state>
      <split:value>2800/100</split:value>
      <split:quantity>2800/100</split:quantity>
      <split:account type="guid">4a36121ede3d0e7828c9e5ab247b90ca</split:account>
    </trn:split>
    <trn:split>
      <split:id type="guid">e346edb96ac8ed43290ba93219a869a7</split:id>
      <split:reconciled-state>n</split:reconciled-state>
      <split:value>-2800/100</split:value>
      <split:quantity>-2800/100</split:quantity>
      <split:account type="guid">c7b10d6ceb9c168c97769b924fbcfd33</split:account>
    </trn:split>
  </trn:splits>
</gnc:transaction>
<gnc:transaction version="2.0.0">
  <trn:id type="guid">6a01f297399ee95922a6790d5369c2c9</trn:id>
  <trn:currency>
    <cmdty:space>ISO4217</cmdty:space>
    <cmdty:id>TWD</cmdty:id>
  </trn:currency>
  <trn:date-posted>
    <ts:date>2012-05-29 00:00:00 +0800</ts:date>
  </trn:date-posted>
  <trn:date-entered>
    <ts:date>2012-05-30 12:59:17 +0800</ts:date>
  </trn:date-entered>
  <trn:description>Dinner</trn:description>
  <trn:slots>
    <slot>
      <slot:key>notes</slot:key>
      <slot:value type="string"></slot:value>
    </slot>
  </trn:slots>
  <trn:splits>
    <trn:split>
      <split:id type="guid">63e95e14c86ac4b150ed955306e694ae</split:id>
      <split:reconciled-state>n</split:reconciled-state>
      <split:value>14500/100</split:value>
      <split:quantity>14500/100</split:quantity>
      <split:account type="guid">4a36121ede3d0e7828c9e5ab247b90ca</split:account>
    </trn:split>
    <trn:split>
      <split:id type="guid">5a65aa04431131d31190add397e0edab</split:id>
      <split:reconciled-state>n</split:reconciled-state>
      <split:value>-14500/100</split:value>
      <split:quantity>-14500/100</split:quantity>
      <split:account type="guid">c7b10d6ceb9c168c97769b924fbcfd33</split:account>
    </trn:split>
  </trn:splits>
</gnc:transaction>
<gnc:transaction version="2.0.0">
  <trn:id type="guid">2286b16be6ede2857d00230bc900a4bd</trn:id>
  <trn:currency>
    <cmdty:space>ISO4217</cmdty:space>
    <cmdty:id>TWD</cmdty:id>
  </trn:currency>
  <trn:date-posted>
    <ts:date>2012-05-30 00:00:00 +0800</ts:date>
  </trn:date-posted>
  <trn:date-entered>
    <ts:date>2012-05-30 12:59:24 +0800</ts:date>
  </trn:date-entered>
  <trn:description>Breakfast</trn:description>
  <trn:slots>
    <slot>
      <slot:key>date-posted</slot:key>
      <slot:value type="gdate">
        <gdate>2012-05-30</gdate>
      </slot:value>
    </slot>
  </trn:slots>
  <trn:splits>
    <trn:split>
      <split:id type="guid">fbdc07674c54cd3514f38bf43ca4b337</split:id>
      <split:reconciled-state>n</split:reconciled-state>
      <split:value>4000/100</split:value>
      <split:quantity>4000/100</split:quantity>
      <split:account type="guid">4a36121ede3d0e7828c9e5ab247b90ca</split:account>
    </trn:split>
    <trn:split>
      <split:id type="guid">fa198cd12c9437028c89783ad0ad59c5</split:id>
      <split:reconciled-state>n</split:reconciled-state>
      <split:value>-4000/100</split:value>
      <split:quantity>-4000/100</split:quantity>
      <split:account type="guid">c7b10d6ceb9c168c97769b924fbcfd33</split:account>
    </trn:split>
  </trn:splits>
</gnc:transaction>
<gnc:transaction version="2.0.0">
  <trn:id type="guid">090a2e2c918a3417282a43d104aa67cf</trn:id>
  <trn:currency>
    <cmdty:space>ISO4217</cmdty:space>
    <cmdty:id>TWD</cmdty:id>
  </trn:currency>
  <trn:date-posted>
    <ts:date>2012-05-30 00:00:00 +0800</ts:date>
  </trn:date-posted>
  <trn:date-entered>
    <ts:date>2012-05-30 13:00:12 +0800</ts:date>
  </trn:date-entered>
  <trn:description>Adjustments</trn:description>
  <trn:splits>
    <trn:split>
      <split:id type="guid">dce198e178a9bd35f59b19c702cfa7a0</split:id>
      <split:reconciled-state>n</split:reconciled-state>
      <split:value>1200/100</split:value>
      <split:quantity>1200/100</split:quantity>
      <split:account type="guid">c7b10d6ceb9c168c97769b924fbcfd33</split:account>
    </trn:split>
    <trn:split>
      <split:id type="guid">c425d87a3883ac614b72baa3e6c842a8</split:id>
      <split:reconciled-state>n</split:reconciled-state>
      <split:value>-1200/100</split:value>
      <split:quantity>-1200/100</split:quantity>
      <split:account type="guid">ef188a8aaf6a5e03c5a2549413bba60c</split:account>
    </trn:split>
  </trn:splits>
</gnc:transaction>
<gnc:transaction version="2.0.0">
  <trn:id type="guid">6dea4423fde323f57557c5e0d3a8845d</trn:id>
  <trn:currency>
    <cmdty:space>ISO4217</cmdty:space>
    <cmdty:id>TWD</cmdty:id>
  </trn:currency>
  <trn:date-posted>
    <ts:date>2012-05-30 00:00:00 +0800</ts:date>
  </trn:date-posted>
  <trn:date-entered>
    <ts:date>2012-05-30 13:18:51 +0800</ts:date>
  </trn:date-entered>
  <trn:description>Stamps</trn:description>
  <trn:splits>
    <trn:split>
      <split:id type="guid">81d70c2d3423886566b992dd7ee6ce88</split:id>
      <split:reconciled-state>n</split:reconciled-state>
      <split:value>12000/100</split:value>
      <split:quantity>12000/100</split:quantity>
      <split:account type="guid">f7732541a120c72241ba8c32e1b39ea3</split:account>
    </trn:split>
    <trn:split>
      <split:id type="guid">ed1c42fac764af7014ba5e89beef8398</split:id>
      <split:reconciled-state>n</split:reconciled-state>
      <split:value>-12000/100</split:value>
      <split:quantity>-12000/100</split:quantity>
      <split:account type="guid">c7b10d6ceb9c168c97769b924fbcfd33</split:account>
    </trn:split>
  </trn:splits>
</gnc:transaction>
<gnc:transaction version="2.0.0">
  <trn:id type="guid">ac6d4fc2c89dd82e2264c524ae02de28</trn:id>
  <trn:currency>
    <cmdty:space>ISO4217</cmdty:space>
    <cmdty:id>TWD</cmdty:id>
  </trn:currency>
  <trn:date-posted>
    <ts:date>2012-05-30 00:00:00 +0800</ts:date>
  </trn:date-posted>
  <trn:date-entered>
    <ts:date>2012-05-30 13:19:01 +0800</ts:date>
  </trn:date-entered>
  <trn:description>Lunch</trn:description>
  <trn:slots>
    <slot>
      <slot:key>notes</slot:key>
      <slot:value type="string"></slot:value>
    </slot>
  </trn:slots>
  <trn:splits>
    <trn:split>
      <split:id type="guid">24930d710f24149efe27b542c910273b</split:id>
      <split:reconciled-state>n</split:reconciled-state>
      <split:value>3000/100</split:value>
      <split:quantity>3000/100</split:quantity>
      <split:account type="guid">4a36121ede3d0e7828c9e5ab247b90ca</split:account>
    </trn:split>
    <trn:split>
      <split:id type="guid">d7afd4b1b368c80bbe5a17a1c720a3f4</split:id>
      <split:reconciled-state>n</split:reconciled-state>
      <split:value>-3000/100</split:value>
      <split:quantity>-3000/100</split:quantity>
      <split:account type="guid">c7b10d6ceb9c168c97769b924fbcfd33</split:account>
    </trn:split>
  </trn:splits>
</gnc:transaction>
<gnc:transaction version="2.0.0">
  <trn:id type="guid">09edc89f65c37fb5390b5c47806b967c</trn:id>
  <trn:currency>
    <cmdty:space>ISO4217</cmdty:space>
    <cmdty:id>TWD</cmdty:id>
  </trn:currency>
  <trn:date-posted>
    <ts:date>2012-05-30 00:00:00 +0800</ts:date>
  </trn:date-posted>
  <trn:date-entered>
    <ts:date>2012-05-30 13:19:12 +0800</ts:date>
  </trn:date-entered>
  <trn:description>Yoghurt drink</trn:description>
  <trn:splits>
    <trn:split>
      <split:id type="guid">81ee6a78337243a6997cab48d106570d</split:id>
      <split:reconciled-state>n</split:reconciled-state>
      <split:value>4200/100</split:value>
      <split:quantity>4200/100</split:quantity>
      <split:account type="guid">4a36121ede3d0e7828c9e5ab247b90ca</split:account>
    </trn:split>
    <trn:split>
      <split:id type="guid">e67a9f3a9f7cef49a864340f1a2b510d</split:id>
      <split:reconciled-state>n</split:reconciled-state>
      <split:value>-4200/100</split:value>
      <split:quantity>-4200/100</split:quantity>
      <split:account type="guid">c7b10d6ceb9c168c97769b924fbcfd33</split:account>
    </trn:split>
  </trn:splits>
</gnc:transaction>
<gnc:transaction version="2.0.0">
  <trn:id type="guid">76ba83395cdf05f8918aff8dab2f58e7</trn:id>
  <trn:currency>
    <cmdty:space>ISO4217</cmdty:space>
    <cmdty:id>TWD</cmdty:id>
  </trn:currency>
  <trn:date-posted>
    <ts:date>2012-05-30 00:00:00 +0800</ts:date>
  </trn:date-posted>
  <trn:date-entered>
    <ts:date>2012-05-31 12:59:28 +0800</ts:date>
  </trn:date-entered>
  <trn:description>Dinner</trn:description>
  <trn:slots>
    <slot>
      <slot:key>date-posted</slot:key>
      <slot:value type="gdate">
        <gdate>2012-05-30</gdate>
      </slot:value>
    </slot>
    <slot>
      <slot:key>notes</slot:key>
      <slot:value type="string"></slot:value>
    </slot>
  </trn:slots>
  <trn:splits>
    <trn:split>
      <split:id type="guid">d4decee556ee3cf8e1edcaec078c7efe</split:id>
      <split:reconciled-state>n</split:reconciled-state>
      <split:value>20200/100</split:value>
      <split:quantity>20200/100</split:quantity>
      <split:account type="guid">4a36121ede3d0e7828c9e5ab247b90ca</split:account>
    </trn:split>
    <trn:split>
      <split:id type="guid">55e7844dfad60f4d709a60c5c91e9e69</split:id>
      <split:reconciled-state>n</split:reconciled-state>
      <split:value>-20200/100</split:value>
      <split:quantity>-20200/100</split:quantity>
      <split:account type="guid">c7b10d6ceb9c168c97769b924fbcfd33</split:account>
    </trn:split>
  </trn:splits>
</gnc:transaction>
<gnc:transaction version="2.0.0">
  <trn:id type="guid">ca83fd83e9378f1135277e3a14598c72</trn:id>
  <trn:currency>
    <cmdty:space>ISO4217</cmdty:space>
    <cmdty:id>TWD</cmdty:id>
  </trn:currency>
  <trn:date-posted>
    <ts:date>2012-05-30 00:00:00 +0800</ts:date>
  </trn:date-posted>
  <trn:date-entered>
    <ts:date>2012-05-31 12:59:43 +0800</ts:date>
  </trn:date-entered>
  <trn:description>Home supplies</trn:description>
  <trn:splits>
    <trn:split>
      <split:id type="guid">f11bacb2bf3c40c72f17959173291ce7</split:id>
      <split:reconciled-state>n</split:reconciled-state>
      <split:value>30300/100</split:value>
      <split:quantity>30300/100</split:quantity>
      <split:account type="guid">3bef0166c964425ee99d06c853a40af0</split:account>
    </trn:split>
    <trn:split>
      <split:id type="guid">d401226f21644a6c6e497e593ee733c0</split:id>
      <split:reconciled-state>n</split:reconciled-state>
      <split:value>-30300/100</split:value>
      <split:quantity>-30300/100</split:quantity>
      <split:account type="guid">c7b10d6ceb9c168c97769b924fbcfd33</split:account>
    </trn:split>
  </trn:splits>
</gnc:transaction>
<gnc:transaction version="2.0.0">
  <trn:id type="guid">3ebedd39bfe281d406dea5125d28c4fe</trn:id>
  <trn:currency>
    <cmdty:space>ISO4217</cmdty:space>
    <cmdty:id>TWD</cmdty:id>
  </trn:currency>
  <trn:date-posted>
    <ts:date>2012-05-31 00:00:00 +0800</ts:date>
  </trn:date-posted>
  <trn:date-entered>
    <ts:date>2012-05-31 12:59:52 +0800</ts:date>
  </trn:date-entered>
  <trn:description>Breakfast</trn:description>
  <trn:slots>
    <slot>
      <slot:key>date-posted</slot:key>
      <slot:value type="gdate">
        <gdate>2012-05-31</gdate>
      </slot:value>
    </slot>
    <slot>
      <slot:key>notes</slot:key>
      <slot:value type="string"></slot:value>
    </slot>
  </trn:slots>
  <trn:splits>
    <trn:split>
      <split:id type="guid">feae80e971eb898278050a5f616e8b4b</split:id>
      <split:reconciled-state>n</split:reconciled-state>
      <split:value>4000/100</split:value>
      <split:quantity>4000/100</split:quantity>
      <split:account type="guid">4a36121ede3d0e7828c9e5ab247b90ca</split:account>
    </trn:split>
    <trn:split>
      <split:id type="guid">baef9baa734be23a4938f396cfd6a65e</split:id>
      <split:reconciled-state>n</split:reconciled-state>
      <split:value>-4000/100</split:value>
      <split:quantity>-4000/100</split:quantity>
      <split:account type="guid">c7b10d6ceb9c168c97769b924fbcfd33</split:account>
    </trn:split>
  </trn:splits>
</gnc:transaction>
<gnc:transaction version="2.0.0">
  <trn:id type="guid">3d264c09510fc77b3a45854394105859</trn:id>
  <trn:currency>
    <cmdty:space>ISO4217</cmdty:space>
    <cmdty:id>TWD</cmdty:id>
  </trn:currency>
  <trn:date-posted>
    <ts:date>2012-05-31 00:00:00 +0800</ts:date>
  </trn:date-posted>
  <trn:date-entered>
    <ts:date>2012-05-31 15:31:05 +0800</ts:date>
  </trn:date-entered>
  <trn:description>Lunch</trn:description>
  <trn:slots>
    <slot>
      <slot:key>notes</slot:key>
      <slot:value type="string"></slot:value>
    </slot>
  </trn:slots>
  <trn:splits>
    <trn:split>
      <split:id type="guid">a70cc545e85537be2ba4f38234884a9b</split:id>
      <split:reconciled-state>n</split:reconciled-state>
      <split:value>8000/100</split:value>
      <split:quantity>8000/100</split:quantity>
      <split:account type="guid">4a36121ede3d0e7828c9e5ab247b90ca</split:account>
    </trn:split>
    <trn:split>
      <split:id type="guid">ae1f07842a82466013e5d0dc6d4c0590</split:id>
      <split:reconciled-state>n</split:reconciled-state>
      <split:value>-8000/100</split:value>
      <split:quantity>-8000/100</split:quantity>
      <split:account type="guid">c7b10d6ceb9c168c97769b924fbcfd33</split:account>
    </trn:split>
  </trn:splits>
</gnc:transaction>
<gnc:transaction version="2.0.0">
  <trn:id type="guid">2c5b6058b4a8a8486346397914aa26ca</trn:id>
  <trn:currency>
    <cmdty:space>ISO4217</cmdty:space>
    <cmdty:id>TWD</cmdty:id>
  </trn:currency>
  <trn:date-posted>
    <ts:date>2012-05-31 00:00:00 +0800</ts:date>
  </trn:date-posted>
  <trn:date-entered>
    <ts:date>2012-05-31 15:31:13 +0800</ts:date>
  </trn:date-entered>
  <trn:description>Tea</trn:description>
  <trn:splits>
    <trn:split>
      <split:id type="guid">71529021089596a1dda3b4fa5d09d408</split:id>
      <split:reconciled-state>n</split:reconciled-state>
      <split:value>2000/100</split:value>
      <split:quantity>2000/100</split:quantity>
      <split:account type="guid">4a36121ede3d0e7828c9e5ab247b90ca</split:account>
    </trn:split>
    <trn:split>
      <split:id type="guid">9a5b5fa0c141ec214bc985668ce04ffb</split:id>
      <split:reconciled-state>n</split:reconciled-state>
      <split:value>-2000/100</split:value>
      <split:quantity>-2000/100</split:quantity>
      <split:account type="guid">c7b10d6ceb9c168c97769b924fbcfd33</split:account>
    </trn:split>
  </trn:splits>
</gnc:transaction>
<gnc:transaction version="2.0.0">
  <trn:id type="guid">0a4561d7fefd96ac7a83eb496307988b</trn:id>
  <trn:currency>
    <cmdty:space>ISO4217</cmdty:space>
    <cmdty:id>TWD</cmdty:id>
  </trn:currency>
  <trn:date-posted>
    <ts:date>2012-05-31 00:00:00 +0800</ts:date>
  </trn:date-posted>
  <trn:date-entered>
    <ts:date>2012-06-01 13:11:31 +0800</ts:date>
  </trn:date-entered>
  <trn:description>Dinner</trn:description>
  <trn:slots>
    <slot>
      <slot:key>date-posted</slot:key>
      <slot:value type="gdate">
        <gdate>2012-05-31</gdate>
      </slot:value>
    </slot>
    <slot>
      <slot:key>notes</slot:key>
      <slot:value type="string"></slot:value>
    </slot>
  </trn:slots>
  <trn:splits>
    <trn:split>
      <split:id type="guid">678a0ca4a684f5dd2e3e9abcab0c591a</split:id>
      <split:reconciled-state>n</split:reconciled-state>
      <split:value>10000/100</split:value>
      <split:quantity>10000/100</split:quantity>
      <split:account type="guid">4a36121ede3d0e7828c9e5ab247b90ca</split:account>
    </trn:split>
    <trn:split>
      <split:id type="guid">36be3f43ee0d91876a48f828314cbadc</split:id>
      <split:reconciled-state>n</split:reconciled-state>
      <split:value>-10000/100</split:value>
      <split:quantity>-10000/100</split:quantity>
      <split:account type="guid">c7b10d6ceb9c168c97769b924fbcfd33</split:account>
    </trn:split>
  </trn:splits>
</gnc:transaction>
<gnc:transaction version="2.0.0">
  <trn:id type="guid">6ca2d9df23b124fcedcfbf83a4778270</trn:id>
  <trn:currency>
    <cmdty:space>ISO4217</cmdty:space>
    <cmdty:id>TWD</cmdty:id>
  </trn:currency>
  <trn:date-posted>
    <ts:date>2012-05-31 00:00:00 +0800</ts:date>
  </trn:date-posted>
  <trn:date-entered>
    <ts:date>2012-06-01 13:11:37 +0800</ts:date>
  </trn:date-entered>
  <trn:description>Water</trn:description>
  <trn:slots>
    <slot>
      <slot:key>notes</slot:key>
      <slot:value type="string"></slot:value>
    </slot>
  </trn:slots>
  <trn:splits>
    <trn:split>
      <split:id type="guid">93deec836cbaf7302befdf9d8a4ece12</split:id>
      <split:reconciled-state>n</split:reconciled-state>
      <split:value>3500/100</split:value>
      <split:quantity>3500/100</split:quantity>
      <split:account type="guid">4a36121ede3d0e7828c9e5ab247b90ca</split:account>
    </trn:split>
    <trn:split>
      <split:id type="guid">9db78a690d9ae39c44b1ed00dc54d897</split:id>
      <split:reconciled-state>n</split:reconciled-state>
      <split:value>-3500/100</split:value>
      <split:quantity>-3500/100</split:quantity>
      <split:account type="guid">c7b10d6ceb9c168c97769b924fbcfd33</split:account>
    </trn:split>
  </trn:splits>
</gnc:transaction>
<gnc:transaction version="2.0.0">
  <trn:id type="guid">65477f234ef8bbafa29cd74870f7a99c</trn:id>
  <trn:currency>
    <cmdty:space>ISO4217</cmdty:space>
    <cmdty:id>TWD</cmdty:id>
  </trn:currency>
  <trn:date-posted>
    <ts:date>2012-06-01 00:00:00 +0800</ts:date>
  </trn:date-posted>
  <trn:date-entered>
    <ts:date>2012-06-01 13:11:47 +0800</ts:date>
  </trn:date-entered>
  <trn:description>Breakfast</trn:description>
  <trn:slots>
    <slot>
      <slot:key>date-posted</slot:key>
      <slot:value type="gdate">
        <gdate>2012-06-01</gdate>
      </slot:value>
    </slot>
    <slot>
      <slot:key>notes</slot:key>
      <slot:value type="string"></slot:value>
    </slot>
  </trn:slots>
  <trn:splits>
    <trn:split>
      <split:id type="guid">e5fea9e7b7f12f1925c06b7fd0097860</split:id>
      <split:reconciled-state>n</split:reconciled-state>
      <split:value>16000/100</split:value>
      <split:quantity>16000/100</split:quantity>
      <split:account type="guid">4a36121ede3d0e7828c9e5ab247b90ca</split:account>
    </trn:split>
    <trn:split>
      <split:id type="guid">a34f6f71cf2e978a4a2bd7a47d6d9649</split:id>
      <split:reconciled-state>n</split:reconciled-state>
      <split:value>-16000/100</split:value>
      <split:quantity>-16000/100</split:quantity>
      <split:account type="guid">c7b10d6ceb9c168c97769b924fbcfd33</split:account>
    </trn:split>
  </trn:splits>
</gnc:transaction>
<gnc:transaction version="2.0.0">
  <trn:id type="guid">c6f2c13ba9084cc23cd6ab0c9159136e</trn:id>
  <trn:currency>
    <cmdty:space>ISO4217</cmdty:space>
    <cmdty:id>TWD</cmdty:id>
  </trn:currency>
  <trn:date-posted>
    <ts:date>2012-06-01 00:00:00 +0800</ts:date>
  </trn:date-posted>
  <trn:date-entered>
    <ts:date>2012-06-01 13:21:32 +0800</ts:date>
  </trn:date-entered>
  <trn:description>Lunch</trn:description>
  <trn:slots>
    <slot>
      <slot:key>notes</slot:key>
      <slot:value type="string"></slot:value>
    </slot>
  </trn:slots>
  <trn:splits>
    <trn:split>
      <split:id type="guid">a05f035b3fe3bb19d30dae4ccb00304a</split:id>
      <split:reconciled-state>n</split:reconciled-state>
      <split:value>6000/100</split:value>
      <split:quantity>6000/100</split:quantity>
      <split:account type="guid">4a36121ede3d0e7828c9e5ab247b90ca</split:account>
    </trn:split>
    <trn:split>
      <split:id type="guid">5666dc6ceb40217a0c1ea1c19d8ca031</split:id>
      <split:reconciled-state>n</split:reconciled-state>
      <split:value>-6000/100</split:value>
      <split:quantity>-6000/100</split:quantity>
      <split:account type="guid">c7b10d6ceb9c168c97769b924fbcfd33</split:account>
    </trn:split>
  </trn:splits>
</gnc:transaction>
<gnc:transaction version="2.0.0">
  <trn:id type="guid">a89baed6753b562b5a7f713a27f636b9</trn:id>
  <trn:currency>
    <cmdty:space>ISO4217</cmdty:space>
    <cmdty:id>TWD</cmdty:id>
  </trn:currency>
  <trn:date-posted>
    <ts:date>2012-06-01 00:00:00 +0800</ts:date>
  </trn:date-posted>
  <trn:date-entered>
    <ts:date>2012-06-04 10:13:07 +0800</ts:date>
  </trn:date-entered>
  <trn:description>Idealeaks</trn:description>
  <trn:slots>
    <slot>
      <slot:key>date-posted</slot:key>
      <slot:value type="gdate">
        <gdate>2012-06-01</gdate>
      </slot:value>
    </slot>
    <slot>
      <slot:key>notes</slot:key>
      <slot:value type="string"></slot:value>
    </slot>
  </trn:slots>
  <trn:splits>
    <trn:split>
      <split:id type="guid">39a6cbca7d4790ef45f951b489088401</split:id>
      <split:reconciled-state>n</split:reconciled-state>
      <split:value>12000/100</split:value>
      <split:quantity>12000/100</split:quantity>
      <split:account type="guid">4a36121ede3d0e7828c9e5ab247b90ca</split:account>
    </trn:split>
    <trn:split>
      <split:id type="guid">c0662eee9a216b3a72d43f8bdd60fe73</split:id>
      <split:reconciled-state>n</split:reconciled-state>
      <split:value>-12000/100</split:value>
      <split:quantity>-12000/100</split:quantity>
      <split:account type="guid">c7b10d6ceb9c168c97769b924fbcfd33</split:account>
    </trn:split>
  </trn:splits>
</gnc:transaction>
<gnc:transaction version="2.0.0">
  <trn:id type="guid">85ca74dceaa747310a874eee674c6891</trn:id>
  <trn:currency>
    <cmdty:space>ISO4217</cmdty:space>
    <cmdty:id>TWD</cmdty:id>
  </trn:currency>
  <trn:date-posted>
    <ts:date>2012-06-01 00:00:00 +0800</ts:date>
  </trn:date-posted>
  <trn:date-entered>
    <ts:date>2012-06-04 10:13:33 +0800</ts:date>
  </trn:date-entered>
  <trn:description>Book</trn:description>
  <trn:splits>
    <trn:split>
      <split:id type="guid">c8f1308ad3a5c83a06c8c6a9cdf7e990</split:id>
      <split:reconciled-state>n</split:reconciled-state>
      <split:value>6400/100</split:value>
      <split:quantity>6400/100</split:quantity>
      <split:account type="guid">5dea6beaa511a893bb4bc7a602c4a4db</split:account>
    </trn:split>
    <trn:split>
      <split:id type="guid">f2c3d0d4e2559ceb0d0806d4b72ca8a0</split:id>
      <split:reconciled-state>n</split:reconciled-state>
      <split:value>-6400/100</split:value>
      <split:quantity>-6400/100</split:quantity>
      <split:account type="guid">c7b10d6ceb9c168c97769b924fbcfd33</split:account>
    </trn:split>
  </trn:splits>
</gnc:transaction>
<gnc:transaction version="2.0.0">
  <trn:id type="guid">a449f25ff051a859ac066b269b28a785</trn:id>
  <trn:currency>
    <cmdty:space>ISO4217</cmdty:space>
    <cmdty:id>TWD</cmdty:id>
  </trn:currency>
  <trn:date-posted>
    <ts:date>2012-06-02 00:00:00 +0800</ts:date>
  </trn:date-posted>
  <trn:date-entered>
    <ts:date>2012-06-04 08:54:26 +0800</ts:date>
  </trn:date-entered>
  <trn:description>Movie</trn:description>
  <trn:slots>
    <slot>
      <slot:key>date-posted</slot:key>
      <slot:value type="gdate">
        <gdate>2012-06-02</gdate>
      </slot:value>
    </slot>
  </trn:slots>
  <trn:splits>
    <trn:split>
      <split:id type="guid">d03567060a06f7239c9e30fcdb22b23f</split:id>
      <split:reconciled-state>n</split:reconciled-state>
      <split:value>62000/100</split:value>
      <split:quantity>62000/100</split:quantity>
      <split:account type="guid">8cb983773df202b315dd13a1af6ac3ea</split:account>
    </trn:split>
    <trn:split>
      <split:id type="guid">458c71c2bc5c4fbcfa5c62ea104dc0a1</split:id>
      <split:reconciled-state>n</split:reconciled-state>
      <split:value>-62000/100</split:value>
      <split:quantity>-62000/100</split:quantity>
      <split:account type="guid">c7b10d6ceb9c168c97769b924fbcfd33</split:account>
    </trn:split>
  </trn:splits>
</gnc:transaction>
<gnc:transaction version="2.0.0">
  <trn:id type="guid">606f515338b795ab56d59f4dfa368658</trn:id>
  <trn:currency>
    <cmdty:space>ISO4217</cmdty:space>
    <cmdty:id>TWD</cmdty:id>
  </trn:currency>
  <trn:date-posted>
    <ts:date>2012-06-02 00:00:00 +0800</ts:date>
  </trn:date-posted>
  <trn:date-entered>
    <ts:date>2012-06-04 08:57:28 +0800</ts:date>
  </trn:date-entered>
  <trn:description>Coffee</trn:description>
  <trn:slots>
    <slot>
      <slot:key>notes</slot:key>
      <slot:value type="string"></slot:value>
    </slot>
  </trn:slots>
  <trn:splits>
    <trn:split>
      <split:id type="guid">5d449a9a6e563b62cc6d4101fc4a0f49</split:id>
      <split:reconciled-state>n</split:reconciled-state>
      <split:value>12000/100</split:value>
      <split:quantity>12000/100</split:quantity>
      <split:account type="guid">4a36121ede3d0e7828c9e5ab247b90ca</split:account>
    </trn:split>
    <trn:split>
      <split:id type="guid">1d514a1d616e344ff03df63b04577fbe</split:id>
      <split:reconciled-state>n</split:reconciled-state>
      <split:value>-12000/100</split:value>
      <split:quantity>-12000/100</split:quantity>
      <split:account type="guid">c7b10d6ceb9c168c97769b924fbcfd33</split:account>
    </trn:split>
  </trn:splits>
</gnc:transaction>
<gnc:transaction version="2.0.0">
  <trn:id type="guid">f95076b251a9daa578eb63379a59e675</trn:id>
  <trn:currency>
    <cmdty:space>ISO4217</cmdty:space>
    <cmdty:id>TWD</cmdty:id>
  </trn:currency>
  <trn:date-posted>
    <ts:date>2012-06-02 00:00:00 +0800</ts:date>
  </trn:date-posted>
  <trn:date-entered>
    <ts:date>2012-06-04 10:11:46 +0800</ts:date>
  </trn:date-entered>
  <trn:description>Snacks</trn:description>
  <trn:splits>
    <trn:split>
      <split:id type="guid">dfdedaa59854c4a5c2ef49447772cdca</split:id>
      <split:reconciled-state>n</split:reconciled-state>
      <split:value>3500/100</split:value>
      <split:quantity>3500/100</split:quantity>
      <split:account type="guid">4a36121ede3d0e7828c9e5ab247b90ca</split:account>
    </trn:split>
    <trn:split>
      <split:id type="guid">67eed794398a634dbf08b912362942df</split:id>
      <split:reconciled-state>n</split:reconciled-state>
      <split:value>-3500/100</split:value>
      <split:quantity>-3500/100</split:quantity>
      <split:account type="guid">c7b10d6ceb9c168c97769b924fbcfd33</split:account>
    </trn:split>
  </trn:splits>
</gnc:transaction>
<gnc:transaction version="2.0.0">
  <trn:id type="guid">4e8968b79261be892997724af8a88207</trn:id>
  <trn:currency>
    <cmdty:space>ISO4217</cmdty:space>
    <cmdty:id>TWD</cmdty:id>
  </trn:currency>
  <trn:date-posted>
    <ts:date>2012-06-02 00:00:00 +0800</ts:date>
  </trn:date-posted>
  <trn:date-entered>
    <ts:date>2012-06-04 10:14:11 +0800</ts:date>
  </trn:date-entered>
  <trn:description>Water</trn:description>
  <trn:slots>
    <slot>
      <slot:key>date-posted</slot:key>
      <slot:value type="gdate">
        <gdate>2012-06-02</gdate>
      </slot:value>
    </slot>
    <slot>
      <slot:key>notes</slot:key>
      <slot:value type="string"></slot:value>
    </slot>
  </trn:slots>
  <trn:splits>
    <trn:split>
      <split:id type="guid">69e86456d68a3667994b7257a77b117d</split:id>
      <split:reconciled-state>n</split:reconciled-state>
      <split:value>3300/100</split:value>
      <split:quantity>3300/100</split:quantity>
      <split:account type="guid">4a36121ede3d0e7828c9e5ab247b90ca</split:account>
    </trn:split>
    <trn:split>
      <split:id type="guid">de48b8897f73aeeb30795780f69b354f</split:id>
      <split:reconciled-state>n</split:reconciled-state>
      <split:value>-3300/100</split:value>
      <split:quantity>-3300/100</split:quantity>
      <split:account type="guid">c7b10d6ceb9c168c97769b924fbcfd33</split:account>
    </trn:split>
  </trn:splits>
</gnc:transaction>
<gnc:transaction version="2.0.0">
  <trn:id type="guid">cb3afcb3089d38120e351d0c75e79849</trn:id>
  <trn:currency>
    <cmdty:space>ISO4217</cmdty:space>
    <cmdty:id>TWD</cmdty:id>
  </trn:currency>
  <trn:date-posted>
    <ts:date>2012-06-02 00:00:00 +0800</ts:date>
  </trn:date-posted>
  <trn:date-entered>
    <ts:date>2012-06-04 10:14:16 +0800</ts:date>
  </trn:date-entered>
  <trn:description>Tea</trn:description>
  <trn:slots>
    <slot>
      <slot:key>date-posted</slot:key>
      <slot:value type="gdate">
        <gdate>2012-06-02</gdate>
      </slot:value>
    </slot>
    <slot>
      <slot:key>notes</slot:key>
      <slot:value type="string"></slot:value>
    </slot>
  </trn:slots>
  <trn:splits>
    <trn:split>
      <split:id type="guid">5d659dfffc8050cbf972bca9619cad32</split:id>
      <split:reconciled-state>n</split:reconciled-state>
      <split:value>2000/100</split:value>
      <split:quantity>2000/100</split:quantity>
      <split:account type="guid">4a36121ede3d0e7828c9e5ab247b90ca</split:account>
    </trn:split>
    <trn:split>
      <split:id type="guid">5206219650de62374a7a37700d942fe8</split:id>
      <split:reconciled-state>n</split:reconciled-state>
      <split:value>-2000/100</split:value>
      <split:quantity>-2000/100</split:quantity>
      <split:account type="guid">c7b10d6ceb9c168c97769b924fbcfd33</split:account>
    </trn:split>
  </trn:splits>
</gnc:transaction>
<gnc:transaction version="2.0.0">
  <trn:id type="guid">8e9a6ed0a780ab196f1766d384f5bc68</trn:id>
  <trn:currency>
    <cmdty:space>ISO4217</cmdty:space>
    <cmdty:id>TWD</cmdty:id>
  </trn:currency>
  <trn:date-posted>
    <ts:date>2012-06-02 00:00:00 +0800</ts:date>
  </trn:date-posted>
  <trn:date-entered>
    <ts:date>2012-06-04 10:15:11 +0800</ts:date>
  </trn:date-entered>
  <trn:description>Dinner</trn:description>
  <trn:slots>
    <slot>
      <slot:key>date-posted</slot:key>
      <slot:value type="gdate">
        <gdate>2012-06-02</gdate>
      </slot:value>
    </slot>
    <slot>
      <slot:key>notes</slot:key>
      <slot:value type="string"></slot:value>
    </slot>
  </trn:slots>
  <trn:splits>
    <trn:split>
      <split:id type="guid">b7270d132d524fe243d891d51ec01ed8</split:id>
      <split:reconciled-state>n</split:reconciled-state>
      <split:value>18000/100</split:value>
      <split:quantity>18000/100</split:quantity>
      <split:account type="guid">4a36121ede3d0e7828c9e5ab247b90ca</split:account>
    </trn:split>
    <trn:split>
      <split:id type="guid">c83bf7fad7a5d1e8dc9e70132cc4ba6c</split:id>
      <split:reconciled-state>n</split:reconciled-state>
      <split:value>-18000/100</split:value>
      <split:quantity>-18000/100</split:quantity>
      <split:account type="guid">c7b10d6ceb9c168c97769b924fbcfd33</split:account>
    </trn:split>
  </trn:splits>
</gnc:transaction>
<gnc:transaction version="2.0.0">
  <trn:id type="guid">e9947cdd5f4b23392d3d838ff8627e5c</trn:id>
  <trn:currency>
    <cmdty:space>ISO4217</cmdty:space>
    <cmdty:id>TWD</cmdty:id>
  </trn:currency>
  <trn:date-posted>
    <ts:date>2012-06-02 00:00:00 +0800</ts:date>
  </trn:date-posted>
  <trn:date-entered>
    <ts:date>2012-06-04 10:17:38 +0800</ts:date>
  </trn:date-entered>
  <trn:description>Snacks</trn:description>
  <trn:slots>
    <slot>
      <slot:key>notes</slot:key>
      <slot:value type="string"></slot:value>
    </slot>
  </trn:slots>
  <trn:splits>
    <trn:split>
      <split:id type="guid">a9ceba768d06ab34457057d5062e7eda</split:id>
      <split:reconciled-state>n</split:reconciled-state>
      <split:value>5700/100</split:value>
      <split:quantity>5700/100</split:quantity>
      <split:account type="guid">4a36121ede3d0e7828c9e5ab247b90ca</split:account>
    </trn:split>
    <trn:split>
      <split:id type="guid">a029565d03ed9eafa84b1c8891078b5a</split:id>
      <split:reconciled-state>n</split:reconciled-state>
      <split:value>-5700/100</split:value>
      <split:quantity>-5700/100</split:quantity>
      <split:account type="guid">c7b10d6ceb9c168c97769b924fbcfd33</split:account>
    </trn:split>
  </trn:splits>
</gnc:transaction>
<gnc:transaction version="2.0.0">
  <trn:id type="guid">fe7bd36248c7400851d091ad72632bab</trn:id>
  <trn:currency>
    <cmdty:space>ISO4217</cmdty:space>
    <cmdty:id>TWD</cmdty:id>
  </trn:currency>
  <trn:date-posted>
    <ts:date>2012-06-03 00:00:00 +0800</ts:date>
  </trn:date-posted>
  <trn:date-entered>
    <ts:date>2012-06-04 08:55:05 +0800</ts:date>
  </trn:date-entered>
  <trn:description>Brunch</trn:description>
  <trn:slots>
    <slot>
      <slot:key>date-posted</slot:key>
      <slot:value type="gdate">
        <gdate>2012-06-03</gdate>
      </slot:value>
    </slot>
  </trn:slots>
  <trn:splits>
    <trn:split>
      <split:id type="guid">13511dad2fa3f2e222f6bd0759d0fe6e</split:id>
      <split:reconciled-state>n</split:reconciled-state>
      <split:value>72100/100</split:value>
      <split:quantity>72100/100</split:quantity>
      <split:account type="guid">4a36121ede3d0e7828c9e5ab247b90ca</split:account>
    </trn:split>
    <trn:split>
      <split:id type="guid">73959a53db1d2b1070ce4a27e84d9d94</split:id>
      <split:reconciled-state>n</split:reconciled-state>
      <split:value>-72100/100</split:value>
      <split:quantity>-72100/100</split:quantity>
      <split:account type="guid">c7b10d6ceb9c168c97769b924fbcfd33</split:account>
    </trn:split>
  </trn:splits>
</gnc:transaction>
<gnc:transaction version="2.0.0">
  <trn:id type="guid">a389a78169e96d94bebe08179c0fc7cf</trn:id>
  <trn:currency>
    <cmdty:space>ISO4217</cmdty:space>
    <cmdty:id>TWD</cmdty:id>
  </trn:currency>
  <trn:date-posted>
    <ts:date>2012-06-03 00:00:00 +0800</ts:date>
  </trn:date-posted>
  <trn:date-entered>
    <ts:date>2012-06-04 08:56:03 +0800</ts:date>
  </trn:date-entered>
  <trn:description>Tea</trn:description>
  <trn:slots>
    <slot>
      <slot:key>notes</slot:key>
      <slot:value type="string"></slot:value>
    </slot>
  </trn:slots>
  <trn:splits>
    <trn:split>
      <split:id type="guid">08e8c24215125e111019f9ec5c55b722</split:id>
      <split:reconciled-state>n</split:reconciled-state>
      <split:value>18000/100</split:value>
      <split:quantity>18000/100</split:quantity>
      <split:account type="guid">4a36121ede3d0e7828c9e5ab247b90ca</split:account>
    </trn:split>
    <trn:split>
      <split:id type="guid">5f809847a36388936521e218cb9717cf</split:id>
      <split:reconciled-state>n</split:reconciled-state>
      <split:value>-18000/100</split:value>
      <split:quantity>-18000/100</split:quantity>
      <split:account type="guid">c7b10d6ceb9c168c97769b924fbcfd33</split:account>
    </trn:split>
  </trn:splits>
</gnc:transaction>
<gnc:transaction version="2.0.0">
  <trn:id type="guid">3a75bd2b39d25f5c6d05b7c67dce6479</trn:id>
  <trn:currency>
    <cmdty:space>ISO4217</cmdty:space>
    <cmdty:id>TWD</cmdty:id>
  </trn:currency>
  <trn:date-posted>
    <ts:date>2012-06-03 00:00:00 +0800</ts:date>
  </trn:date-posted>
  <trn:date-entered>
    <ts:date>2012-06-04 10:28:01 +0800</ts:date>
  </trn:date-entered>
  <trn:description>Correction</trn:description>
  <trn:slots>
    <slot>
      <slot:key>date-posted</slot:key>
      <slot:value type="gdate">
        <gdate>2012-06-03</gdate>
      </slot:value>
    </slot>
  </trn:slots>
  <trn:splits>
    <trn:split>
      <split:id type="guid">6e51903696a5e3292ca25aeb736bebc1</split:id>
      <split:reconciled-state>n</split:reconciled-state>
      <split:value>29400/100</split:value>
      <split:quantity>29400/100</split:quantity>
      <split:account type="guid">ff5cbf3679fd9dd4a11f56fc779cc50a</split:account>
    </trn:split>
    <trn:split>
      <split:id type="guid">449269c2a8d99be741eb6423bd148dd7</split:id>
      <split:reconciled-state>n</split:reconciled-state>
      <split:value>-29400/100</split:value>
      <split:quantity>-29400/100</split:quantity>
      <split:account type="guid">c7b10d6ceb9c168c97769b924fbcfd33</split:account>
    </trn:split>
  </trn:splits>
</gnc:transaction>
<gnc:transaction version="2.0.0">
  <trn:id type="guid">de2a01bb0f99e9d635396b87e89e7f5c</trn:id>
  <trn:currency>
    <cmdty:space>ISO4217</cmdty:space>
    <cmdty:id>TWD</cmdty:id>
  </trn:currency>
  <trn:date-posted>
    <ts:date>2012-06-04 00:00:00 +0800</ts:date>
  </trn:date-posted>
  <trn:date-entered>
    <ts:date>2012-06-04 08:54:52 +0800</ts:date>
  </trn:date-entered>
  <trn:description>Breakfast</trn:description>
  <trn:slots>
    <slot>
      <slot:key>date-posted</slot:key>
      <slot:value type="gdate">
        <gdate>2012-06-04</gdate>
      </slot:value>
    </slot>
    <slot>
      <slot:key>notes</slot:key>
      <slot:value type="string"></slot:value>
    </slot>
  </trn:slots>
  <trn:splits>
    <trn:split>
      <split:id type="guid">430d5590c0967a67bded60425c62d17c</split:id>
      <split:reconciled-state>n</split:reconciled-state>
      <split:value>3700/100</split:value>
      <split:quantity>3700/100</split:quantity>
      <split:account type="guid">4a36121ede3d0e7828c9e5ab247b90ca</split:account>
    </trn:split>
    <trn:split>
      <split:id type="guid">48a77d25e60936de1357d9648e5729a1</split:id>
      <split:reconciled-state>n</split:reconciled-state>
      <split:value>-3700/100</split:value>
      <split:quantity>-3700/100</split:quantity>
      <split:account type="guid">c7b10d6ceb9c168c97769b924fbcfd33</split:account>
    </trn:split>
  </trn:splits>
</gnc:transaction>
<gnc:transaction version="2.0.0">
  <trn:id type="guid">f0ef4c253be06c3d44cbefca64ca7505</trn:id>
  <trn:currency>
    <cmdty:space>ISO4217</cmdty:space>
    <cmdty:id>TWD</cmdty:id>
  </trn:currency>
  <trn:date-posted>
    <ts:date>2012-06-04 00:00:00 +0800</ts:date>
  </trn:date-posted>
  <trn:date-entered>
    <ts:date>2012-06-04 10:19:27 +0800</ts:date>
  </trn:date-entered>
  <trn:description>Found in wallet</trn:description>
  <trn:slots>
    <slot>
      <slot:key>date-posted</slot:key>
      <slot:value type="gdate">
        <gdate>2012-06-04</gdate>
      </slot:value>
    </slot>
  </trn:slots>
  <trn:splits>
    <trn:split>
      <split:id type="guid">85cff2e9350122505bb2af69332e2d8b</split:id>
      <split:reconciled-state>n</split:reconciled-state>
      <split:value>20000/100</split:value>
      <split:quantity>20000/100</split:quantity>
      <split:account type="guid">c7b10d6ceb9c168c97769b924fbcfd33</split:account>
    </trn:split>
    <trn:split>
      <split:id type="guid">50da1ce2270869d03f836a1cfee0c3e0</split:id>
      <split:reconciled-state>n</split:reconciled-state>
      <split:value>-20000/100</split:value>
      <split:quantity>-20000/100</split:quantity>
      <split:account type="guid">ef188a8aaf6a5e03c5a2549413bba60c</split:account>
    </trn:split>
  </trn:splits>
</gnc:transaction>
<gnc:transaction version="2.0.0">
  <trn:id type="guid">0a234426930a013dea8023eae988b00b</trn:id>
  <trn:currency>
    <cmdty:space>ISO4217</cmdty:space>
    <cmdty:id>TWD</cmdty:id>
  </trn:currency>
  <trn:date-posted>
    <ts:date>2012-06-04 00:00:00 +0800</ts:date>
  </trn:date-posted>
  <trn:date-entered>
    <ts:date>2012-06-04 18:53:28 +0800</ts:date>
  </trn:date-entered>
  <trn:description>Lunch</trn:description>
  <trn:slots>
    <slot>
      <slot:key>notes</slot:key>
      <slot:value type="string"></slot:value>
    </slot>
  </trn:slots>
  <trn:splits>
    <trn:split>
      <split:id type="guid">39f5c1041e680fdcb5c1ddd340fc5f29</split:id>
      <split:reconciled-state>n</split:reconciled-state>
      <split:value>8000/100</split:value>
      <split:quantity>8000/100</split:quantity>
      <split:account type="guid">4a36121ede3d0e7828c9e5ab247b90ca</split:account>
    </trn:split>
    <trn:split>
      <split:id type="guid">1d2c3ff16209374a088bb4e1f14bad79</split:id>
      <split:reconciled-state>n</split:reconciled-state>
      <split:value>-8000/100</split:value>
      <split:quantity>-8000/100</split:quantity>
      <split:account type="guid">c7b10d6ceb9c168c97769b924fbcfd33</split:account>
    </trn:split>
  </trn:splits>
</gnc:transaction>
<gnc:transaction version="2.0.0">
  <trn:id type="guid">66ae8bf53c9850ece080d8c207775e25</trn:id>
  <trn:currency>
    <cmdty:space>ISO4217</cmdty:space>
    <cmdty:id>TWD</cmdty:id>
  </trn:currency>
  <trn:date-posted>
    <ts:date>2012-06-04 00:00:00 +0800</ts:date>
  </trn:date-posted>
  <trn:date-entered>
    <ts:date>2012-06-05 17:21:30 +0800</ts:date>
  </trn:date-entered>
  <trn:description>Bread</trn:description>
  <trn:slots>
    <slot>
      <slot:key>date-posted</slot:key>
      <slot:value type="gdate">
        <gdate>2012-06-04</gdate>
      </slot:value>
    </slot>
  </trn:slots>
  <trn:splits>
    <trn:split>
      <split:id type="guid">69e87de19d7e9a8769c694c86bb4c447</split:id>
      <split:reconciled-state>n</split:reconciled-state>
      <split:value>7200/100</split:value>
      <split:quantity>7200/100</split:quantity>
      <split:account type="guid">4a36121ede3d0e7828c9e5ab247b90ca</split:account>
    </trn:split>
    <trn:split>
      <split:id type="guid">ec5e37dea14fc2fdc01ffa2be32455de</split:id>
      <split:reconciled-state>n</split:reconciled-state>
      <split:value>-7200/100</split:value>
      <split:quantity>-7200/100</split:quantity>
      <split:account type="guid">c7b10d6ceb9c168c97769b924fbcfd33</split:account>
    </trn:split>
  </trn:splits>
</gnc:transaction>
<gnc:transaction version="2.0.0">
  <trn:id type="guid">18d52dcd869a4ab072477409dcc77c30</trn:id>
  <trn:currency>
    <cmdty:space>ISO4217</cmdty:space>
    <cmdty:id>TWD</cmdty:id>
  </trn:currency>
  <trn:date-posted>
    <ts:date>2012-06-04 00:00:00 +0800</ts:date>
  </trn:date-posted>
  <trn:date-entered>
    <ts:date>2012-06-05 17:21:57 +0800</ts:date>
  </trn:date-entered>
  <trn:description>Swimming pool</trn:description>
  <trn:slots>
    <slot>
      <slot:key>date-posted</slot:key>
      <slot:value type="gdate">
        <gdate>2012-06-04</gdate>
      </slot:value>
    </slot>
  </trn:slots>
  <trn:splits>
    <trn:split>
      <split:id type="guid">cd51eaf6eab25a234d8007055581c3d0</split:id>
      <split:reconciled-state>n</split:reconciled-state>
      <split:value>12000/100</split:value>
      <split:quantity>12000/100</split:quantity>
      <split:account type="guid">988ed9c5009e3be888d660a666c50638</split:account>
    </trn:split>
    <trn:split>
      <split:id type="guid">b6e5c7f483e95c9b93bd2b65b20f5943</split:id>
      <split:reconciled-state>n</split:reconciled-state>
      <split:value>-12000/100</split:value>
      <split:quantity>-12000/100</split:quantity>
      <split:account type="guid">c7b10d6ceb9c168c97769b924fbcfd33</split:account>
    </trn:split>
  </trn:splits>
</gnc:transaction>
<gnc:transaction version="2.0.0">
  <trn:id type="guid">ea6c68e0caa986b8d4f4e8b9e3099886</trn:id>
  <trn:currency>
    <cmdty:space>ISO4217</cmdty:space>
    <cmdty:id>TWD</cmdty:id>
  </trn:currency>
  <trn:date-posted>
    <ts:date>2012-06-04 00:00:00 +0800</ts:date>
  </trn:date-posted>
  <trn:date-entered>
    <ts:date>2012-06-05 17:22:04 +0800</ts:date>
  </trn:date-entered>
  <trn:description>Dinner</trn:description>
  <trn:slots>
    <slot>
      <slot:key>notes</slot:key>
      <slot:value type="string"></slot:value>
    </slot>
  </trn:slots>
  <trn:splits>
    <trn:split>
      <split:id type="guid">d70a36988fe3dae96d0a5375e1d3d33f</split:id>
      <split:reconciled-state>n</split:reconciled-state>
      <split:value>20000/100</split:value>
      <split:quantity>20000/100</split:quantity>
      <split:account type="guid">4a36121ede3d0e7828c9e5ab247b90ca</split:account>
    </trn:split>
    <trn:split>
      <split:id type="guid">250a29f55d553e15450427eec3b35431</split:id>
      <split:reconciled-state>n</split:reconciled-state>
      <split:value>-20000/100</split:value>
      <split:quantity>-20000/100</split:quantity>
      <split:account type="guid">c7b10d6ceb9c168c97769b924fbcfd33</split:account>
    </trn:split>
  </trn:splits>
</gnc:transaction>
<gnc:transaction version="2.0.0">
  <trn:id type="guid">76e181f3b26cb54d7834924d87ad274c</trn:id>
  <trn:currency>
    <cmdty:space>ISO4217</cmdty:space>
    <cmdty:id>TWD</cmdty:id>
  </trn:currency>
  <trn:date-posted>
    <ts:date>2012-06-05 00:00:00 +0800</ts:date>
  </trn:date-posted>
  <trn:date-entered>
    <ts:date>2012-06-05 17:22:13 +0800</ts:date>
  </trn:date-entered>
  <trn:description>Breakfast</trn:description>
  <trn:slots>
    <slot>
      <slot:key>date-posted</slot:key>
      <slot:value type="gdate">
        <gdate>2012-06-05</gdate>
      </slot:value>
    </slot>
    <slot>
      <slot:key>notes</slot:key>
      <slot:value type="string"></slot:value>
    </slot>
  </trn:slots>
  <trn:splits>
    <trn:split>
      <split:id type="guid">0ce8c4f938578c6d20fcecbc2c1611d6</split:id>
      <split:reconciled-state>n</split:reconciled-state>
      <split:value>4000/100</split:value>
      <split:quantity>4000/100</split:quantity>
      <split:account type="guid">4a36121ede3d0e7828c9e5ab247b90ca</split:account>
    </trn:split>
    <trn:split>
      <split:id type="guid">7382627c347bb3f0959b3236b59771b3</split:id>
      <split:reconciled-state>n</split:reconciled-state>
      <split:value>-4000/100</split:value>
      <split:quantity>-4000/100</split:quantity>
      <split:account type="guid">c7b10d6ceb9c168c97769b924fbcfd33</split:account>
    </trn:split>
  </trn:splits>
</gnc:transaction>
<gnc:transaction version="2.0.0">
  <trn:id type="guid">eeffd5eb6a4e4e19bf42eebeee9030cc</trn:id>
  <trn:currency>
    <cmdty:space>ISO4217</cmdty:space>
    <cmdty:id>TWD</cmdty:id>
  </trn:currency>
  <trn:date-posted>
    <ts:date>2012-06-05 00:00:00 +0800</ts:date>
  </trn:date-posted>
  <trn:date-entered>
    <ts:date>2012-06-05 17:22:18 +0800</ts:date>
  </trn:date-entered>
  <trn:description>Lunch</trn:description>
  <trn:slots>
    <slot>
      <slot:key>notes</slot:key>
      <slot:value type="string"></slot:value>
    </slot>
  </trn:slots>
  <trn:splits>
    <trn:split>
      <split:id type="guid">4d5a37f27f84ca708daaf12628d28774</split:id>
      <split:reconciled-state>n</split:reconciled-state>
      <split:value>10000/100</split:value>
      <split:quantity>10000/100</split:quantity>
      <split:account type="guid">4a36121ede3d0e7828c9e5ab247b90ca</split:account>
    </trn:split>
    <trn:split>
      <split:id type="guid">57d611de11b6b78a56cd5740003a514f</split:id>
      <split:reconciled-state>n</split:reconciled-state>
      <split:value>-10000/100</split:value>
      <split:quantity>-10000/100</split:quantity>
      <split:account type="guid">c7b10d6ceb9c168c97769b924fbcfd33</split:account>
    </trn:split>
  </trn:splits>
</gnc:transaction>
<gnc:transaction version="2.0.0">
  <trn:id type="guid">8f0510497e586acd8db1cb892bf2173a</trn:id>
  <trn:currency>
    <cmdty:space>ISO4217</cmdty:space>
    <cmdty:id>TWD</cmdty:id>
  </trn:currency>
  <trn:date-posted>
    <ts:date>2012-06-05 00:00:00 +0800</ts:date>
  </trn:date-posted>
  <trn:date-entered>
    <ts:date>2012-06-05 17:22:35 +0800</ts:date>
  </trn:date-entered>
  <trn:description>Deposit return</trn:description>
  <trn:splits>
    <trn:split>
      <split:id type="guid">3fde11c6268c2013be43f07f5e525da8</split:id>
      <split:reconciled-state>n</split:reconciled-state>
      <split:value>100000/100</split:value>
      <split:quantity>100000/100</split:quantity>
      <split:account type="guid">c7b10d6ceb9c168c97769b924fbcfd33</split:account>
    </trn:split>
    <trn:split>
      <split:id type="guid">f2fb3aee35730742f1311e297f38ee47</split:id>
      <split:reconciled-state>n</split:reconciled-state>
      <split:value>-100000/100</split:value>
      <split:quantity>-100000/100</split:quantity>
      <split:account type="guid">4e751bfc9e1cf2b280bd8fad420a8884</split:account>
    </trn:split>
  </trn:splits>
</gnc:transaction>
<gnc:transaction version="2.0.0">
  <trn:id type="guid">d09869f69c2263f80fde98ec2012aa7d</trn:id>
  <trn:currency>
    <cmdty:space>ISO4217</cmdty:space>
    <cmdty:id>TWD</cmdty:id>
  </trn:currency>
  <trn:date-posted>
    <ts:date>2012-06-05 00:00:00 +0800</ts:date>
  </trn:date-posted>
  <trn:date-entered>
    <ts:date>2012-06-07 10:42:14 +0800</ts:date>
  </trn:date-entered>
  <trn:description>Water</trn:description>
  <trn:slots>
    <slot>
      <slot:key>date-posted</slot:key>
      <slot:value type="gdate">
        <gdate>2012-06-05</gdate>
      </slot:value>
    </slot>
    <slot>
      <slot:key>notes</slot:key>
      <slot:value type="string"></slot:value>
    </slot>
  </trn:slots>
  <trn:splits>
    <trn:split>
      <split:id type="guid">7f07fffb9488454bb47c2d614757337d</split:id>
      <split:reconciled-state>n</split:reconciled-state>
      <split:value>2800/100</split:value>
      <split:quantity>2800/100</split:quantity>
      <split:account type="guid">4a36121ede3d0e7828c9e5ab247b90ca</split:account>
    </trn:split>
    <trn:split>
      <split:id type="guid">b76f341b8de17846dce9e3998034db03</split:id>
      <split:reconciled-state>n</split:reconciled-state>
      <split:value>-2800/100</split:value>
      <split:quantity>-2800/100</split:quantity>
      <split:account type="guid">c7b10d6ceb9c168c97769b924fbcfd33</split:account>
    </trn:split>
  </trn:splits>
</gnc:transaction>
<gnc:transaction version="2.0.0">
  <trn:id type="guid">6a08009ef5e26fcf8804ccea3631bbfa</trn:id>
  <trn:currency>
    <cmdty:space>ISO4217</cmdty:space>
    <cmdty:id>TWD</cmdty:id>
  </trn:currency>
  <trn:date-posted>
    <ts:date>2012-06-05 00:00:00 +0800</ts:date>
  </trn:date-posted>
  <trn:date-entered>
    <ts:date>2012-06-07 10:42:28 +0800</ts:date>
  </trn:date-entered>
  <trn:description>Dinner</trn:description>
  <trn:slots>
    <slot>
      <slot:key>notes</slot:key>
      <slot:value type="string"></slot:value>
    </slot>
  </trn:slots>
  <trn:splits>
    <trn:split>
      <split:id type="guid">7445e0bd645b127bfd213fc0cab9f463</split:id>
      <split:reconciled-state>n</split:reconciled-state>
      <split:value>5000/100</split:value>
      <split:quantity>5000/100</split:quantity>
      <split:account type="guid">4a36121ede3d0e7828c9e5ab247b90ca</split:account>
    </trn:split>
    <trn:split>
      <split:id type="guid">dcf554d7c95d31aa6c8ee414ce181b61</split:id>
      <split:reconciled-state>n</split:reconciled-state>
      <split:value>-5000/100</split:value>
      <split:quantity>-5000/100</split:quantity>
      <split:account type="guid">c7b10d6ceb9c168c97769b924fbcfd33</split:account>
    </trn:split>
  </trn:splits>
</gnc:transaction>
<gnc:transaction version="2.0.0">
  <trn:id type="guid">2fdb978ae1292a0317de776814492b65</trn:id>
  <trn:currency>
    <cmdty:space>ISO4217</cmdty:space>
    <cmdty:id>TWD</cmdty:id>
  </trn:currency>
  <trn:date-posted>
    <ts:date>2012-06-06 00:00:00 +0800</ts:date>
  </trn:date-posted>
  <trn:date-entered>
    <ts:date>2012-06-07 10:38:47 +0800</ts:date>
  </trn:date-entered>
  <trn:description>Breakfast</trn:description>
  <trn:slots>
    <slot>
      <slot:key>date-posted</slot:key>
      <slot:value type="gdate">
        <gdate>2012-06-06</gdate>
      </slot:value>
    </slot>
    <slot>
      <slot:key>notes</slot:key>
      <slot:value type="string"></slot:value>
    </slot>
  </trn:slots>
  <trn:splits>
    <trn:split>
      <split:id type="guid">08db7db85b8bc538c223f422106f6e3d</split:id>
      <split:reconciled-state>n</split:reconciled-state>
      <split:value>4000/100</split:value>
      <split:quantity>4000/100</split:quantity>
      <split:account type="guid">4a36121ede3d0e7828c9e5ab247b90ca</split:account>
    </trn:split>
    <trn:split>
      <split:id type="guid">201f76bfd83db3a090e6df5f65db8c0e</split:id>
      <split:reconciled-state>n</split:reconciled-state>
      <split:value>-4000/100</split:value>
      <split:quantity>-4000/100</split:quantity>
      <split:account type="guid">c7b10d6ceb9c168c97769b924fbcfd33</split:account>
    </trn:split>
  </trn:splits>
</gnc:transaction>
<gnc:transaction version="2.0.0">
  <trn:id type="guid">be3f5c5738222fa2c0b42decfb5cb435</trn:id>
  <trn:currency>
    <cmdty:space>ISO4217</cmdty:space>
    <cmdty:id>TWD</cmdty:id>
  </trn:currency>
  <trn:date-posted>
    <ts:date>2012-06-06 00:00:00 +0800</ts:date>
  </trn:date-posted>
  <trn:date-entered>
    <ts:date>2012-06-07 10:38:53 +0800</ts:date>
  </trn:date-entered>
  <trn:description>Lunch</trn:description>
  <trn:slots>
    <slot>
      <slot:key>notes</slot:key>
      <slot:value type="string"></slot:value>
    </slot>
  </trn:slots>
  <trn:splits>
    <trn:split>
      <split:id type="guid">161517d61d68bd2ea775c9ba5d606e74</split:id>
      <split:reconciled-state>n</split:reconciled-state>
      <split:value>3000/100</split:value>
      <split:quantity>3000/100</split:quantity>
      <split:account type="guid">4a36121ede3d0e7828c9e5ab247b90ca</split:account>
    </trn:split>
    <trn:split>
      <split:id type="guid">65e8debf4e8db0fc39f2161f92ba1e2e</split:id>
      <split:reconciled-state>n</split:reconciled-state>
      <split:value>-3000/100</split:value>
      <split:quantity>-3000/100</split:quantity>
      <split:account type="guid">c7b10d6ceb9c168c97769b924fbcfd33</split:account>
    </trn:split>
  </trn:splits>
</gnc:transaction>
<gnc:transaction version="2.0.0">
  <trn:id type="guid">35574352ba04e96a80fa324b8eb81094</trn:id>
  <trn:currency>
    <cmdty:space>ISO4217</cmdty:space>
    <cmdty:id>TWD</cmdty:id>
  </trn:currency>
  <trn:date-posted>
    <ts:date>2012-06-06 00:00:00 +0800</ts:date>
  </trn:date-posted>
  <trn:date-entered>
    <ts:date>2012-06-07 10:39:06 +0800</ts:date>
  </trn:date-entered>
  <trn:description>Ice cream</trn:description>
  <trn:splits>
    <trn:split>
      <split:id type="guid">d0d115dd777decfef09652e65d12fcb0</split:id>
      <split:reconciled-state>n</split:reconciled-state>
      <split:value>2000/100</split:value>
      <split:quantity>2000/100</split:quantity>
      <split:account type="guid">4a36121ede3d0e7828c9e5ab247b90ca</split:account>
    </trn:split>
    <trn:split>
      <split:id type="guid">5fc73eaebe7c68828918a0baeaa35cf1</split:id>
      <split:reconciled-state>n</split:reconciled-state>
      <split:value>-2000/100</split:value>
      <split:quantity>-2000/100</split:quantity>
      <split:account type="guid">c7b10d6ceb9c168c97769b924fbcfd33</split:account>
    </trn:split>
  </trn:splits>
</gnc:transaction>
<gnc:transaction version="2.0.0">
  <trn:id type="guid">74ba5e3b846d25fe8f0c8976bf169c66</trn:id>
  <trn:currency>
    <cmdty:space>ISO4217</cmdty:space>
    <cmdty:id>TWD</cmdty:id>
  </trn:currency>
  <trn:date-posted>
    <ts:date>2012-06-06 00:00:00 +0800</ts:date>
  </trn:date-posted>
  <trn:date-entered>
    <ts:date>2012-06-07 10:39:11 +0800</ts:date>
  </trn:date-entered>
  <trn:description>Dinner</trn:description>
  <trn:slots>
    <slot>
      <slot:key>notes</slot:key>
      <slot:value type="string"></slot:value>
    </slot>
  </trn:slots>
  <trn:splits>
    <trn:split>
      <split:id type="guid">6cc651f0f1c7dd22f55aa6245d963531</split:id>
      <split:reconciled-state>n</split:reconciled-state>
      <split:value>5000/100</split:value>
      <split:quantity>5000/100</split:quantity>
      <split:account type="guid">4a36121ede3d0e7828c9e5ab247b90ca</split:account>
    </trn:split>
    <trn:split>
      <split:id type="guid">18e2680cc72f7252e236b64fcbf445e3</split:id>
      <split:reconciled-state>n</split:reconciled-state>
      <split:value>-5000/100</split:value>
      <split:quantity>-5000/100</split:quantity>
      <split:account type="guid">c7b10d6ceb9c168c97769b924fbcfd33</split:account>
    </trn:split>
  </trn:splits>
</gnc:transaction>
<gnc:transaction version="2.0.0">
  <trn:id type="guid">144e36317fac37d784bebb86f792a70e</trn:id>
  <trn:currency>
    <cmdty:space>ISO4217</cmdty:space>
    <cmdty:id>TWD</cmdty:id>
  </trn:currency>
  <trn:date-posted>
    <ts:date>2012-06-07 00:00:00 +0800</ts:date>
  </trn:date-posted>
  <trn:date-entered>
    <ts:date>2012-06-07 10:38:33 +0800</ts:date>
  </trn:date-entered>
  <trn:description>Breakfast</trn:description>
  <trn:slots>
    <slot>
      <slot:key>notes</slot:key>
      <slot:value type="string"></slot:value>
    </slot>
  </trn:slots>
  <trn:splits>
    <trn:split>
      <split:id type="guid">3710552e2b6ad08e508579269158fb93</split:id>
      <split:reconciled-state>n</split:reconciled-state>
      <split:value>3700/100</split:value>
      <split:quantity>3700/100</split:quantity>
      <split:account type="guid">4a36121ede3d0e7828c9e5ab247b90ca</split:account>
    </trn:split>
    <trn:split>
      <split:id type="guid">ebd97117bd5512b1f1f4cc3bb213ba81</split:id>
      <split:reconciled-state>n</split:reconciled-state>
      <split:value>-3700/100</split:value>
      <split:quantity>-3700/100</split:quantity>
      <split:account type="guid">c7b10d6ceb9c168c97769b924fbcfd33</split:account>
    </trn:split>
  </trn:splits>
</gnc:transaction>
<gnc:transaction version="2.0.0">
  <trn:id type="guid">d04e7d7f82774ee5652a7aa1ad7ea52c</trn:id>
  <trn:currency>
    <cmdty:space>ISO4217</cmdty:space>
    <cmdty:id>TWD</cmdty:id>
  </trn:currency>
  <trn:date-posted>
    <ts:date>2012-06-07 00:00:00 +0800</ts:date>
  </trn:date-posted>
  <trn:date-entered>
    <ts:date>2012-06-08 10:44:44 +0800</ts:date>
  </trn:date-entered>
  <trn:description>Lunch</trn:description>
  <trn:slots>
    <slot>
      <slot:key>date-posted</slot:key>
      <slot:value type="gdate">
        <gdate>2012-06-07</gdate>
      </slot:value>
    </slot>
    <slot>
      <slot:key>notes</slot:key>
      <slot:value type="string"></slot:value>
    </slot>
  </trn:slots>
  <trn:splits>
    <trn:split>
      <split:id type="guid">2a9860d5006ce2555a64c577cf25828c</split:id>
      <split:reconciled-state>n</split:reconciled-state>
      <split:value>8000/100</split:value>
      <split:quantity>8000/100</split:quantity>
      <split:account type="guid">4a36121ede3d0e7828c9e5ab247b90ca</split:account>
    </trn:split>
    <trn:split>
      <split:id type="guid">42e94a198a8461f0b5295e394b799389</split:id>
      <split:reconciled-state>n</split:reconciled-state>
      <split:value>-8000/100</split:value>
      <split:quantity>-8000/100</split:quantity>
      <split:account type="guid">c7b10d6ceb9c168c97769b924fbcfd33</split:account>
    </trn:split>
  </trn:splits>
</gnc:transaction>
<gnc:transaction version="2.0.0">
  <trn:id type="guid">bf6fa742b09f2c9bfab9a9bc7af0f5af</trn:id>
  <trn:currency>
    <cmdty:space>ISO4217</cmdty:space>
    <cmdty:id>TWD</cmdty:id>
  </trn:currency>
  <trn:date-posted>
    <ts:date>2012-06-07 00:00:00 +0800</ts:date>
  </trn:date-posted>
  <trn:date-entered>
    <ts:date>2012-06-08 10:44:49 +0800</ts:date>
  </trn:date-entered>
  <trn:description>Coffee</trn:description>
  <trn:slots>
    <slot>
      <slot:key>notes</slot:key>
      <slot:value type="string"></slot:value>
    </slot>
  </trn:slots>
  <trn:splits>
    <trn:split>
      <split:id type="guid">d69f8777fd814f74e9502cd35a2a947f</split:id>
      <split:reconciled-state>n</split:reconciled-state>
      <split:value>5000/100</split:value>
      <split:quantity>5000/100</split:quantity>
      <split:account type="guid">4a36121ede3d0e7828c9e5ab247b90ca</split:account>
    </trn:split>
    <trn:split>
      <split:id type="guid">32925ce370884ad26f6d9ba09ef000fd</split:id>
      <split:reconciled-state>n</split:reconciled-state>
      <split:value>-5000/100</split:value>
      <split:quantity>-5000/100</split:quantity>
      <split:account type="guid">c7b10d6ceb9c168c97769b924fbcfd33</split:account>
    </trn:split>
  </trn:splits>
</gnc:transaction>
<gnc:transaction version="2.0.0">
  <trn:id type="guid">57385733ffa0a22e196d72aebe34969b</trn:id>
  <trn:currency>
    <cmdty:space>ISO4217</cmdty:space>
    <cmdty:id>TWD</cmdty:id>
  </trn:currency>
  <trn:date-posted>
    <ts:date>2012-06-07 00:00:00 +0800</ts:date>
  </trn:date-posted>
  <trn:date-entered>
    <ts:date>2012-06-08 10:44:55 +0800</ts:date>
  </trn:date-entered>
  <trn:description>Dinner</trn:description>
  <trn:slots>
    <slot>
      <slot:key>notes</slot:key>
      <slot:value type="string"></slot:value>
    </slot>
  </trn:slots>
  <trn:splits>
    <trn:split>
      <split:id type="guid">bc95498d9997015a45c281744c0faf9a</split:id>
      <split:reconciled-state>n</split:reconciled-state>
      <split:value>64900/100</split:value>
      <split:quantity>64900/100</split:quantity>
      <split:account type="guid">4a36121ede3d0e7828c9e5ab247b90ca</split:account>
    </trn:split>
    <trn:split>
      <split:id type="guid">604db853b64518bd68554cdbedfb2037</split:id>
      <split:reconciled-state>n</split:reconciled-state>
      <split:value>-64900/100</split:value>
      <split:quantity>-64900/100</split:quantity>
      <split:account type="guid">c7b10d6ceb9c168c97769b924fbcfd33</split:account>
    </trn:split>
  </trn:splits>
</gnc:transaction>
<gnc:transaction version="2.0.0">
  <trn:id type="guid">40292269f13d359169afb3a48c076f1d</trn:id>
  <trn:currency>
    <cmdty:space>ISO4217</cmdty:space>
    <cmdty:id>TWD</cmdty:id>
  </trn:currency>
  <trn:date-posted>
    <ts:date>2012-06-07 00:00:00 +0800</ts:date>
  </trn:date-posted>
  <trn:date-entered>
    <ts:date>2012-06-08 10:45:01 +0800</ts:date>
  </trn:date-entered>
  <trn:description>Ice cream</trn:description>
  <trn:slots>
    <slot>
      <slot:key>notes</slot:key>
      <slot:value type="string"></slot:value>
    </slot>
  </trn:slots>
  <trn:splits>
    <trn:split>
      <split:id type="guid">90603acbe4dbd0431cfd9bc1d059cbd9</split:id>
      <split:reconciled-state>n</split:reconciled-state>
      <split:value>2000/100</split:value>
      <split:quantity>2000/100</split:quantity>
      <split:account type="guid">4a36121ede3d0e7828c9e5ab247b90ca</split:account>
    </trn:split>
    <trn:split>
      <split:id type="guid">f34cdeb9c7a2ae1d5f1e14913e6c1c4d</split:id>
      <split:reconciled-state>n</split:reconciled-state>
      <split:value>-2000/100</split:value>
      <split:quantity>-2000/100</split:quantity>
      <split:account type="guid">c7b10d6ceb9c168c97769b924fbcfd33</split:account>
    </trn:split>
  </trn:splits>
</gnc:transaction>
<gnc:transaction version="2.0.0">
  <trn:id type="guid">23f8b05052e029024f63a91e6356e95f</trn:id>
  <trn:currency>
    <cmdty:space>ISO4217</cmdty:space>
    <cmdty:id>TWD</cmdty:id>
  </trn:currency>
  <trn:date-posted>
    <ts:date>2012-06-08 00:00:00 +0800</ts:date>
  </trn:date-posted>
  <trn:date-entered>
    <ts:date>2012-06-12 16:48:04 +0800</ts:date>
  </trn:date-entered>
  <trn:description>Lunch</trn:description>
  <trn:slots>
    <slot>
      <slot:key>date-posted</slot:key>
      <slot:value type="gdate">
        <gdate>2012-06-08</gdate>
      </slot:value>
    </slot>
    <slot>
      <slot:key>notes</slot:key>
      <slot:value type="string"></slot:value>
    </slot>
  </trn:slots>
  <trn:splits>
    <trn:split>
      <split:id type="guid">1c89fac42646e672c2cd27ab108cec32</split:id>
      <split:reconciled-state>n</split:reconciled-state>
      <split:value>46000/100</split:value>
      <split:quantity>46000/100</split:quantity>
      <split:account type="guid">4a36121ede3d0e7828c9e5ab247b90ca</split:account>
    </trn:split>
    <trn:split>
      <split:id type="guid">633d53135a7dc8a133d7c895942d1d44</split:id>
      <split:reconciled-state>n</split:reconciled-state>
      <split:value>-46000/100</split:value>
      <split:quantity>-46000/100</split:quantity>
      <split:account type="guid">c7b10d6ceb9c168c97769b924fbcfd33</split:account>
    </trn:split>
  </trn:splits>
</gnc:transaction>
<gnc:transaction version="2.0.0">
  <trn:id type="guid">2add7ec40b3e87ae675de908793dae69</trn:id>
  <trn:currency>
    <cmdty:space>ISO4217</cmdty:space>
    <cmdty:id>TWD</cmdty:id>
  </trn:currency>
  <trn:date-posted>
    <ts:date>2012-06-08 00:00:00 +0800</ts:date>
  </trn:date-posted>
  <trn:date-entered>
    <ts:date>2012-06-12 16:48:13 +0800</ts:date>
  </trn:date-entered>
  <trn:description>Book</trn:description>
  <trn:slots>
    <slot>
      <slot:key>notes</slot:key>
      <slot:value type="string"></slot:value>
    </slot>
  </trn:slots>
  <trn:splits>
    <trn:split>
      <split:id type="guid">73c443efd557b3245bace3a7bab081bf</split:id>
      <split:reconciled-state>n</split:reconciled-state>
      <split:value>111900/100</split:value>
      <split:quantity>111900/100</split:quantity>
      <split:account type="guid">5dea6beaa511a893bb4bc7a602c4a4db</split:account>
    </trn:split>
    <trn:split>
      <split:id type="guid">dc05725769cf2605e61284671cd8b9bd</split:id>
      <split:reconciled-state>n</split:reconciled-state>
      <split:value>-111900/100</split:value>
      <split:quantity>-111900/100</split:quantity>
      <split:account type="guid">c7b10d6ceb9c168c97769b924fbcfd33</split:account>
    </trn:split>
  </trn:splits>
</gnc:transaction>
<gnc:transaction version="2.0.0">
  <trn:id type="guid">4bf333e64fd9a42b35d9e1843000012c</trn:id>
  <trn:currency>
    <cmdty:space>ISO4217</cmdty:space>
    <cmdty:id>TWD</cmdty:id>
  </trn:currency>
  <trn:date-posted>
    <ts:date>2012-06-08 00:00:00 +0800</ts:date>
  </trn:date-posted>
  <trn:date-entered>
    <ts:date>2012-06-12 16:48:32 +0800</ts:date>
  </trn:date-entered>
  <trn:description>Protection</trn:description>
  <trn:splits>
    <trn:split>
      <split:id type="guid">db087178dd976aec5aab3ba6af4bd23d</split:id>
      <split:reconciled-state>n</split:reconciled-state>
      <split:value>19800/100</split:value>
      <split:quantity>19800/100</split:quantity>
      <split:account type="guid">3bef0166c964425ee99d06c853a40af0</split:account>
    </trn:split>
    <trn:split>
      <split:id type="guid">6214788cda331524d8194e47c6980fc8</split:id>
      <split:reconciled-state>n</split:reconciled-state>
      <split:value>-19800/100</split:value>
      <split:quantity>-19800/100</split:quantity>
      <split:account type="guid">c7b10d6ceb9c168c97769b924fbcfd33</split:account>
    </trn:split>
  </trn:splits>
</gnc:transaction>
<gnc:transaction version="2.0.0">
  <trn:id type="guid">ddecc39d651c48878dc10fadb6606e8c</trn:id>
  <trn:currency>
    <cmdty:space>ISO4217</cmdty:space>
    <cmdty:id>TWD</cmdty:id>
  </trn:currency>
  <trn:date-posted>
    <ts:date>2012-06-08 00:00:00 +0800</ts:date>
  </trn:date-posted>
  <trn:date-entered>
    <ts:date>2012-06-12 16:48:46 +0800</ts:date>
  </trn:date-entered>
  <trn:description>Dinner</trn:description>
  <trn:slots>
    <slot>
      <slot:key>notes</slot:key>
      <slot:value type="string"></slot:value>
    </slot>
  </trn:slots>
  <trn:splits>
    <trn:split>
      <split:id type="guid">047ae9a637789c8c45b0b310d439fd6d</split:id>
      <split:reconciled-state>n</split:reconciled-state>
      <split:value>10000/100</split:value>
      <split:quantity>10000/100</split:quantity>
      <split:account type="guid">4a36121ede3d0e7828c9e5ab247b90ca</split:account>
    </trn:split>
    <trn:split>
      <split:id type="guid">a767c9c924620e14c81c1ae5ef7b8f47</split:id>
      <split:reconciled-state>n</split:reconciled-state>
      <split:value>-10000/100</split:value>
      <split:quantity>-10000/100</split:quantity>
      <split:account type="guid">c7b10d6ceb9c168c97769b924fbcfd33</split:account>
    </trn:split>
  </trn:splits>
</gnc:transaction>
<gnc:transaction version="2.0.0">
  <trn:id type="guid">6d3d2e4dba45a7cada731b48b2526101</trn:id>
  <trn:currency>
    <cmdty:space>ISO4217</cmdty:space>
    <cmdty:id>TWD</cmdty:id>
  </trn:currency>
  <trn:date-posted>
    <ts:date>2012-06-08 00:00:00 +0800</ts:date>
  </trn:date-posted>
  <trn:date-entered>
    <ts:date>2012-06-12 16:49:07 +0800</ts:date>
  </trn:date-entered>
  <trn:description>Water</trn:description>
  <trn:slots>
    <slot>
      <slot:key>date-posted</slot:key>
      <slot:value type="gdate">
        <gdate>2012-06-08</gdate>
      </slot:value>
    </slot>
    <slot>
      <slot:key>notes</slot:key>
      <slot:value type="string"></slot:value>
    </slot>
  </trn:slots>
  <trn:splits>
    <trn:split>
      <split:id type="guid">1fe623115e5221f990014777256c25b0</split:id>
      <split:reconciled-state>n</split:reconciled-state>
      <split:value>3500/100</split:value>
      <split:quantity>3500/100</split:quantity>
      <split:account type="guid">4a36121ede3d0e7828c9e5ab247b90ca</split:account>
    </trn:split>
    <trn:split>
      <split:id type="guid">bb7aef41e096330b511f1de01d9241f1</split:id>
      <split:reconciled-state>n</split:reconciled-state>
      <split:value>-3500/100</split:value>
      <split:quantity>-3500/100</split:quantity>
      <split:account type="guid">c7b10d6ceb9c168c97769b924fbcfd33</split:account>
    </trn:split>
  </trn:splits>
</gnc:transaction>
<gnc:transaction version="2.0.0">
  <trn:id type="guid">cefa119e4305aef0e52612314a818499</trn:id>
  <trn:currency>
    <cmdty:space>ISO4217</cmdty:space>
    <cmdty:id>TWD</cmdty:id>
  </trn:currency>
  <trn:date-posted>
    <ts:date>2012-06-08 00:00:00 +0800</ts:date>
  </trn:date-posted>
  <trn:date-entered>
    <ts:date>2012-06-12 16:50:35 +0800</ts:date>
  </trn:date-entered>
  <trn:description>MISSING CHARGE</trn:description>
  <trn:splits>
    <trn:split>
      <split:id type="guid">d6a53f5ce64ab42fc98b26474f31d061</split:id>
      <split:reconciled-state>n</split:reconciled-state>
      <split:value>7500/100</split:value>
      <split:quantity>7500/100</split:quantity>
      <split:account type="guid">ff5cbf3679fd9dd4a11f56fc779cc50a</split:account>
    </trn:split>
    <trn:split>
      <split:id type="guid">e0899a957c73ad58e197ede7f5fa624b</split:id>
      <split:reconciled-state>n</split:reconciled-state>
      <split:value>-7500/100</split:value>
      <split:quantity>-7500/100</split:quantity>
      <split:account type="guid">c7b10d6ceb9c168c97769b924fbcfd33</split:account>
    </trn:split>
  </trn:splits>
</gnc:transaction>
<gnc:transaction version="2.0.0">
  <trn:id type="guid">a55372a6480edcd8ed9eda74f0f9474a</trn:id>
  <trn:currency>
    <cmdty:space>ISO4217</cmdty:space>
    <cmdty:id>TWD</cmdty:id>
  </trn:currency>
  <trn:date-posted>
    <ts:date>2012-06-09 00:00:00 +0800</ts:date>
  </trn:date-posted>
  <trn:date-entered>
    <ts:date>2012-06-12 16:42:17 +0800</ts:date>
  </trn:date-entered>
  <trn:description>Ice cream</trn:description>
  <trn:slots>
    <slot>
      <slot:key>date-posted</slot:key>
      <slot:value type="gdate">
        <gdate>2012-06-09</gdate>
      </slot:value>
    </slot>
    <slot>
      <slot:key>notes</slot:key>
      <slot:value type="string"></slot:value>
    </slot>
  </trn:slots>
  <trn:splits>
    <trn:split>
      <split:id type="guid">bae5d5a52be1c24fbd940e2fb97dc80c</split:id>
      <split:reconciled-state>n</split:reconciled-state>
      <split:value>24000/100</split:value>
      <split:quantity>24000/100</split:quantity>
      <split:account type="guid">4a36121ede3d0e7828c9e5ab247b90ca</split:account>
    </trn:split>
    <trn:split>
      <split:id type="guid">25ab68d0665c71f33305e6129724f210</split:id>
      <split:reconciled-state>n</split:reconciled-state>
      <split:value>-24000/100</split:value>
      <split:quantity>-24000/100</split:quantity>
      <split:account type="guid">c7b10d6ceb9c168c97769b924fbcfd33</split:account>
    </trn:split>
  </trn:splits>
</gnc:transaction>
<gnc:transaction version="2.0.0">
  <trn:id type="guid">5467134f3e9ffe3a5d5e95a2a5fbf9f0</trn:id>
  <trn:currency>
    <cmdty:space>ISO4217</cmdty:space>
    <cmdty:id>TWD</cmdty:id>
  </trn:currency>
  <trn:date-posted>
    <ts:date>2012-06-09 00:00:00 +0800</ts:date>
  </trn:date-posted>
  <trn:date-entered>
    <ts:date>2012-06-12 16:42:22 +0800</ts:date>
  </trn:date-entered>
  <trn:description>Lunch</trn:description>
  <trn:slots>
    <slot>
      <slot:key>notes</slot:key>
      <slot:value type="string"></slot:value>
    </slot>
  </trn:slots>
  <trn:splits>
    <trn:split>
      <split:id type="guid">ae240250b99ca17b00311857157a469e</split:id>
      <split:reconciled-state>n</split:reconciled-state>
      <split:value>26000/100</split:value>
      <split:quantity>26000/100</split:quantity>
      <split:account type="guid">4a36121ede3d0e7828c9e5ab247b90ca</split:account>
    </trn:split>
    <trn:split>
      <split:id type="guid">5634b8a93ea095200bab9dbc1dde4b85</split:id>
      <split:reconciled-state>n</split:reconciled-state>
      <split:value>-26000/100</split:value>
      <split:quantity>-26000/100</split:quantity>
      <split:account type="guid">c7b10d6ceb9c168c97769b924fbcfd33</split:account>
    </trn:split>
  </trn:splits>
</gnc:transaction>
<gnc:transaction version="2.0.0">
  <trn:id type="guid">2152cfed2cd3202220c79e37c3137fd0</trn:id>
  <trn:currency>
    <cmdty:space>ISO4217</cmdty:space>
    <cmdty:id>TWD</cmdty:id>
  </trn:currency>
  <trn:date-posted>
    <ts:date>2012-06-09 00:00:00 +0800</ts:date>
  </trn:date-posted>
  <trn:date-entered>
    <ts:date>2012-06-12 16:42:32 +0800</ts:date>
  </trn:date-entered>
  <trn:description>Tea</trn:description>
  <trn:slots>
    <slot>
      <slot:key>notes</slot:key>
      <slot:value type="string"></slot:value>
    </slot>
  </trn:slots>
  <trn:splits>
    <trn:split>
      <split:id type="guid">bc225b47f876fa17e9e3b44d0392ef2a</split:id>
      <split:reconciled-state>n</split:reconciled-state>
      <split:value>40700/100</split:value>
      <split:quantity>40700/100</split:quantity>
      <split:account type="guid">4a36121ede3d0e7828c9e5ab247b90ca</split:account>
    </trn:split>
    <trn:split>
      <split:id type="guid">a999ba11a7382745e446c66099725bb0</split:id>
      <split:reconciled-state>n</split:reconciled-state>
      <split:value>-40700/100</split:value>
      <split:quantity>-40700/100</split:quantity>
      <split:account type="guid">c7b10d6ceb9c168c97769b924fbcfd33</split:account>
    </trn:split>
  </trn:splits>
</gnc:transaction>
<gnc:transaction version="2.0.0">
  <trn:id type="guid">ab0c98c20ddae99ce1dd90c0185066b2</trn:id>
  <trn:currency>
    <cmdty:space>ISO4217</cmdty:space>
    <cmdty:id>TWD</cmdty:id>
  </trn:currency>
  <trn:date-posted>
    <ts:date>2012-06-09 00:00:00 +0800</ts:date>
  </trn:date-posted>
  <trn:date-entered>
    <ts:date>2012-06-12 16:42:38 +0800</ts:date>
  </trn:date-entered>
  <trn:description>Snacks</trn:description>
  <trn:slots>
    <slot>
      <slot:key>notes</slot:key>
      <slot:value type="string"></slot:value>
    </slot>
  </trn:slots>
  <trn:splits>
    <trn:split>
      <split:id type="guid">07a7d1233c7fc827814bcba3fb545997</split:id>
      <split:reconciled-state>n</split:reconciled-state>
      <split:value>3600/100</split:value>
      <split:quantity>3600/100</split:quantity>
      <split:account type="guid">4a36121ede3d0e7828c9e5ab247b90ca</split:account>
    </trn:split>
    <trn:split>
      <split:id type="guid">b2f4e59f2d99728b3191295eb2985a89</split:id>
      <split:reconciled-state>n</split:reconciled-state>
      <split:value>-3600/100</split:value>
      <split:quantity>-3600/100</split:quantity>
      <split:account type="guid">c7b10d6ceb9c168c97769b924fbcfd33</split:account>
    </trn:split>
  </trn:splits>
</gnc:transaction>
<gnc:transaction version="2.0.0">
  <trn:id type="guid">b4bd078d08b0fb414a5b2ab99832341f</trn:id>
  <trn:currency>
    <cmdty:space>ISO4217</cmdty:space>
    <cmdty:id>TWD</cmdty:id>
  </trn:currency>
  <trn:date-posted>
    <ts:date>2012-06-09 00:00:00 +0800</ts:date>
  </trn:date-posted>
  <trn:date-entered>
    <ts:date>2012-06-12 16:42:44 +0800</ts:date>
  </trn:date-entered>
  <trn:description>Movie</trn:description>
  <trn:slots>
    <slot>
      <slot:key>notes</slot:key>
      <slot:value type="string"></slot:value>
    </slot>
  </trn:slots>
  <trn:splits>
    <trn:split>
      <split:id type="guid">86b0659f8b436a4a1565408a55ffce3c</split:id>
      <split:reconciled-state>n</split:reconciled-state>
      <split:value>84000/100</split:value>
      <split:quantity>84000/100</split:quantity>
      <split:account type="guid">8cb983773df202b315dd13a1af6ac3ea</split:account>
    </trn:split>
    <trn:split>
      <split:id type="guid">8bbaa441a3a71bbf3d8f636cfa27b8d0</split:id>
      <split:reconciled-state>n</split:reconciled-state>
      <split:value>-84000/100</split:value>
      <split:quantity>-84000/100</split:quantity>
      <split:account type="guid">c7b10d6ceb9c168c97769b924fbcfd33</split:account>
    </trn:split>
  </trn:splits>
</gnc:transaction>
<gnc:transaction version="2.0.0">
  <trn:id type="guid">3586b78245be3b6a919c141bc91368fd</trn:id>
  <trn:currency>
    <cmdty:space>ISO4217</cmdty:space>
    <cmdty:id>TWD</cmdty:id>
  </trn:currency>
  <trn:date-posted>
    <ts:date>2012-06-10 00:00:00 +0800</ts:date>
  </trn:date-posted>
  <trn:date-entered>
    <ts:date>2012-06-12 16:40:54 +0800</ts:date>
  </trn:date-entered>
  <trn:description>Brunch</trn:description>
  <trn:slots>
    <slot>
      <slot:key>date-posted</slot:key>
      <slot:value type="gdate">
        <gdate>2012-06-10</gdate>
      </slot:value>
    </slot>
    <slot>
      <slot:key>notes</slot:key>
      <slot:value type="string"></slot:value>
    </slot>
  </trn:slots>
  <trn:splits>
    <trn:split>
      <split:id type="guid">08ea2a020b265837012767e50ea7268a</split:id>
      <split:reconciled-state>n</split:reconciled-state>
      <split:value>58000/100</split:value>
      <split:quantity>58000/100</split:quantity>
      <split:account type="guid">4a36121ede3d0e7828c9e5ab247b90ca</split:account>
    </trn:split>
    <trn:split>
      <split:id type="guid">e6ca5590c59e5c85ac0c10647c91845c</split:id>
      <split:reconciled-state>n</split:reconciled-state>
      <split:value>-58000/100</split:value>
      <split:quantity>-58000/100</split:quantity>
      <split:account type="guid">c7b10d6ceb9c168c97769b924fbcfd33</split:account>
    </trn:split>
  </trn:splits>
</gnc:transaction>
<gnc:transaction version="2.0.0">
  <trn:id type="guid">d241d9982a5290a494a8bd45be2003ae</trn:id>
  <trn:currency>
    <cmdty:space>ISO4217</cmdty:space>
    <cmdty:id>TWD</cmdty:id>
  </trn:currency>
  <trn:date-posted>
    <ts:date>2012-06-10 00:00:00 +0800</ts:date>
  </trn:date-posted>
  <trn:date-entered>
    <ts:date>2012-06-12 16:41:12 +0800</ts:date>
  </trn:date-entered>
  <trn:description>Bread</trn:description>
  <trn:slots>
    <slot>
      <slot:key>notes</slot:key>
      <slot:value type="string"></slot:value>
    </slot>
  </trn:slots>
  <trn:splits>
    <trn:split>
      <split:id type="guid">f95af7f1253f69ecd49d3a56e2a4630c</split:id>
      <split:reconciled-state>n</split:reconciled-state>
      <split:value>21000/100</split:value>
      <split:quantity>21000/100</split:quantity>
      <split:account type="guid">4a36121ede3d0e7828c9e5ab247b90ca</split:account>
    </trn:split>
    <trn:split>
      <split:id type="guid">80b3b76ce2cd2a4132d2343e7175c3a6</split:id>
      <split:reconciled-state>n</split:reconciled-state>
      <split:value>-21000/100</split:value>
      <split:quantity>-21000/100</split:quantity>
      <split:account type="guid">c7b10d6ceb9c168c97769b924fbcfd33</split:account>
    </trn:split>
  </trn:splits>
</gnc:transaction>
<gnc:transaction version="2.0.0">
  <trn:id type="guid">c8149f1b42c7a9241c195e0f34a28448</trn:id>
  <trn:currency>
    <cmdty:space>ISO4217</cmdty:space>
    <cmdty:id>TWD</cmdty:id>
  </trn:currency>
  <trn:date-posted>
    <ts:date>2012-06-10 00:00:00 +0800</ts:date>
  </trn:date-posted>
  <trn:date-entered>
    <ts:date>2012-06-12 16:41:27 +0800</ts:date>
  </trn:date-entered>
  <trn:description>Games</trn:description>
  <trn:splits>
    <trn:split>
      <split:id type="guid">ba58d7cb73a8b28e7e58563e7328371b</split:id>
      <split:reconciled-state>n</split:reconciled-state>
      <split:value>4000/100</split:value>
      <split:quantity>4000/100</split:quantity>
      <split:account type="guid">988ed9c5009e3be888d660a666c50638</split:account>
    </trn:split>
    <trn:split>
      <split:id type="guid">37ab616340b59b169d3a5bf6a980992e</split:id>
      <split:reconciled-state>n</split:reconciled-state>
      <split:value>-4000/100</split:value>
      <split:quantity>-4000/100</split:quantity>
      <split:account type="guid">c7b10d6ceb9c168c97769b924fbcfd33</split:account>
    </trn:split>
  </trn:splits>
</gnc:transaction>
<gnc:transaction version="2.0.0">
  <trn:id type="guid">c58f72efdcceedb279e713ff50de62ec</trn:id>
  <trn:currency>
    <cmdty:space>ISO4217</cmdty:space>
    <cmdty:id>TWD</cmdty:id>
  </trn:currency>
  <trn:date-posted>
    <ts:date>2012-06-10 00:00:00 +0800</ts:date>
  </trn:date-posted>
  <trn:date-entered>
    <ts:date>2012-06-12 16:41:44 +0800</ts:date>
  </trn:date-entered>
  <trn:description>Dinner</trn:description>
  <trn:slots>
    <slot>
      <slot:key>notes</slot:key>
      <slot:value type="string"></slot:value>
    </slot>
  </trn:slots>
  <trn:splits>
    <trn:split>
      <split:id type="guid">0a1095b76d17c80bd5df6e22ae26be07</split:id>
      <split:reconciled-state>n</split:reconciled-state>
      <split:value>9300/100</split:value>
      <split:quantity>9300/100</split:quantity>
      <split:account type="guid">4a36121ede3d0e7828c9e5ab247b90ca</split:account>
    </trn:split>
    <trn:split>
      <split:id type="guid">29ae8a80927388b6cfaa8699f6aa63dc</split:id>
      <split:reconciled-state>n</split:reconciled-state>
      <split:value>-9300/100</split:value>
      <split:quantity>-9300/100</split:quantity>
      <split:account type="guid">c7b10d6ceb9c168c97769b924fbcfd33</split:account>
    </trn:split>
  </trn:splits>
</gnc:transaction>
<gnc:transaction version="2.0.0">
  <trn:id type="guid">59c5d750f949d02eeba51ba21c2090c6</trn:id>
  <trn:currency>
    <cmdty:space>ISO4217</cmdty:space>
    <cmdty:id>TWD</cmdty:id>
  </trn:currency>
  <trn:date-posted>
    <ts:date>2012-06-11 00:00:00 +0800</ts:date>
  </trn:date-posted>
  <trn:date-entered>
    <ts:date>2012-06-12 16:40:01 +0800</ts:date>
  </trn:date-entered>
  <trn:description>Breakfast</trn:description>
  <trn:slots>
    <slot>
      <slot:key>date-posted</slot:key>
      <slot:value type="gdate">
        <gdate>2012-06-11</gdate>
      </slot:value>
    </slot>
    <slot>
      <slot:key>notes</slot:key>
      <slot:value type="string"></slot:value>
    </slot>
  </trn:slots>
  <trn:splits>
    <trn:split>
      <split:id type="guid">ff8a01d916904d3238a8854500b7a30c</split:id>
      <split:reconciled-state>n</split:reconciled-state>
      <split:value>18500/100</split:value>
      <split:quantity>18500/100</split:quantity>
      <split:account type="guid">4a36121ede3d0e7828c9e5ab247b90ca</split:account>
    </trn:split>
    <trn:split>
      <split:id type="guid">eaa8d21b963a04b5d59c853f7d46858f</split:id>
      <split:reconciled-state>n</split:reconciled-state>
      <split:value>-18500/100</split:value>
      <split:quantity>-18500/100</split:quantity>
      <split:account type="guid">c7b10d6ceb9c168c97769b924fbcfd33</split:account>
    </trn:split>
  </trn:splits>
</gnc:transaction>
<gnc:transaction version="2.0.0">
  <trn:id type="guid">1e769c811dd49c4e4cdaaa4a7f745c0b</trn:id>
  <trn:currency>
    <cmdty:space>ISO4217</cmdty:space>
    <cmdty:id>TWD</cmdty:id>
  </trn:currency>
  <trn:date-posted>
    <ts:date>2012-06-11 00:00:00 +0800</ts:date>
  </trn:date-posted>
  <trn:date-entered>
    <ts:date>2012-06-12 16:40:08 +0800</ts:date>
  </trn:date-entered>
  <trn:description>Grapefruit</trn:description>
  <trn:splits>
    <trn:split>
      <split:id type="guid">d872c8c6e4b33448fb832082a92bd2af</split:id>
      <split:reconciled-state>n</split:reconciled-state>
      <split:value>5700/100</split:value>
      <split:quantity>5700/100</split:quantity>
      <split:account type="guid">4a36121ede3d0e7828c9e5ab247b90ca</split:account>
    </trn:split>
    <trn:split>
      <split:id type="guid">c1b5859199e916710d903ea887b56e9b</split:id>
      <split:reconciled-state>n</split:reconciled-state>
      <split:value>-5700/100</split:value>
      <split:quantity>-5700/100</split:quantity>
      <split:account type="guid">c7b10d6ceb9c168c97769b924fbcfd33</split:account>
    </trn:split>
  </trn:splits>
</gnc:transaction>
<gnc:transaction version="2.0.0">
  <trn:id type="guid">3cebd4432d3fec79a679e6428d82d4b4</trn:id>
  <trn:currency>
    <cmdty:space>ISO4217</cmdty:space>
    <cmdty:id>TWD</cmdty:id>
  </trn:currency>
  <trn:date-posted>
    <ts:date>2012-06-11 00:00:00 +0800</ts:date>
  </trn:date-posted>
  <trn:date-entered>
    <ts:date>2012-06-12 16:40:35 +0800</ts:date>
  </trn:date-entered>
  <trn:description>Dinner</trn:description>
  <trn:slots>
    <slot>
      <slot:key>notes</slot:key>
      <slot:value type="string"></slot:value>
    </slot>
  </trn:slots>
  <trn:splits>
    <trn:split>
      <split:id type="guid">115e1ee806c32a66adf3d7e8d89dda46</split:id>
      <split:reconciled-state>n</split:reconciled-state>
      <split:value>7500/100</split:value>
      <split:quantity>7500/100</split:quantity>
      <split:account type="guid">4a36121ede3d0e7828c9e5ab247b90ca</split:account>
    </trn:split>
    <trn:split>
      <split:id type="guid">249e18d7296f56cc2e3269e8587d3c29</split:id>
      <split:reconciled-state>n</split:reconciled-state>
      <split:value>-7500/100</split:value>
      <split:quantity>-7500/100</split:quantity>
      <split:account type="guid">c7b10d6ceb9c168c97769b924fbcfd33</split:account>
    </trn:split>
  </trn:splits>
</gnc:transaction>
<gnc:transaction version="2.0.0">
  <trn:id type="guid">c098d0ce236039129109ec0656f2b9ee</trn:id>
  <trn:currency>
    <cmdty:space>ISO4217</cmdty:space>
    <cmdty:id>TWD</cmdty:id>
  </trn:currency>
  <trn:date-posted>
    <ts:date>2012-06-12 00:00:00 +0800</ts:date>
  </trn:date-posted>
  <trn:date-entered>
    <ts:date>2012-06-12 16:39:14 +0800</ts:date>
  </trn:date-entered>
  <trn:description>Breakfast</trn:description>
  <trn:slots>
    <slot>
      <slot:key>notes</slot:key>
      <slot:value type="string"></slot:value>
    </slot>
  </trn:slots>
  <trn:splits>
    <trn:split>
      <split:id type="guid">04d7b7fbec9939957e479b405eacf6a8</split:id>
      <split:reconciled-state>n</split:reconciled-state>
      <split:value>4000/100</split:value>
      <split:quantity>4000/100</split:quantity>
      <split:account type="guid">4a36121ede3d0e7828c9e5ab247b90ca</split:account>
    </trn:split>
    <trn:split>
      <split:id type="guid">17b019d6d8efa3948cf047347f26f5e8</split:id>
      <split:reconciled-state>n</split:reconciled-state>
      <split:value>-4000/100</split:value>
      <split:quantity>-4000/100</split:quantity>
      <split:account type="guid">c7b10d6ceb9c168c97769b924fbcfd33</split:account>
    </trn:split>
  </trn:splits>
</gnc:transaction>
<gnc:transaction version="2.0.0">
  <trn:id type="guid">3fa5662e840e195d73bbe1ef0a5fff30</trn:id>
  <trn:currency>
    <cmdty:space>ISO4217</cmdty:space>
    <cmdty:id>TWD</cmdty:id>
  </trn:currency>
  <trn:date-posted>
    <ts:date>2012-06-12 00:00:00 +0800</ts:date>
  </trn:date-posted>
  <trn:date-entered>
    <ts:date>2012-06-12 16:39:19 +0800</ts:date>
  </trn:date-entered>
  <trn:description>Lunch</trn:description>
  <trn:slots>
    <slot>
      <slot:key>notes</slot:key>
      <slot:value type="string"></slot:value>
    </slot>
  </trn:slots>
  <trn:splits>
    <trn:split>
      <split:id type="guid">87cd2d83beac9ceca76d67fe6cfd731d</split:id>
      <split:reconciled-state>n</split:reconciled-state>
      <split:value>6000/100</split:value>
      <split:quantity>6000/100</split:quantity>
      <split:account type="guid">4a36121ede3d0e7828c9e5ab247b90ca</split:account>
    </trn:split>
    <trn:split>
      <split:id type="guid">0b30a091e07f158379fb94d96813f469</split:id>
      <split:reconciled-state>n</split:reconciled-state>
      <split:value>-6000/100</split:value>
      <split:quantity>-6000/100</split:quantity>
      <split:account type="guid">c7b10d6ceb9c168c97769b924fbcfd33</split:account>
    </trn:split>
  </trn:splits>
</gnc:transaction>
<gnc:transaction version="2.0.0">
  <trn:id type="guid">7f135fb8c608c23a365ee437b813a43c</trn:id>
  <trn:currency>
    <cmdty:space>ISO4217</cmdty:space>
    <cmdty:id>TWD</cmdty:id>
  </trn:currency>
  <trn:date-posted>
    <ts:date>2012-06-12 00:00:00 +0800</ts:date>
  </trn:date-posted>
  <trn:date-entered>
    <ts:date>2012-06-12 16:44:20 +0800</ts:date>
  </trn:date-entered>
  <trn:description>Found in wallet</trn:description>
  <trn:slots>
    <slot>
      <slot:key>date-posted</slot:key>
      <slot:value type="gdate">
        <gdate>2012-06-12</gdate>
      </slot:value>
    </slot>
    <slot>
      <slot:key>notes</slot:key>
      <slot:value type="string"></slot:value>
    </slot>
  </trn:slots>
  <trn:splits>
    <trn:split>
      <split:id type="guid">e163be20ae6ec0f4e088c88acd23b031</split:id>
      <split:reconciled-state>n</split:reconciled-state>
      <split:value>500/100</split:value>
      <split:quantity>500/100</split:quantity>
      <split:account type="guid">c7b10d6ceb9c168c97769b924fbcfd33</split:account>
    </trn:split>
    <trn:split>
      <split:id type="guid">9dfc8a063365bdb196c22b794a3b82bf</split:id>
      <split:reconciled-state>n</split:reconciled-state>
      <split:value>-500/100</split:value>
      <split:quantity>-500/100</split:quantity>
      <split:account type="guid">ef188a8aaf6a5e03c5a2549413bba60c</split:account>
    </trn:split>
  </trn:splits>
</gnc:transaction>
<gnc:transaction version="2.0.0">
  <trn:id type="guid">0d9c3458dfc3544ba7833573b46b63fe</trn:id>
  <trn:currency>
    <cmdty:space>ISO4217</cmdty:space>
    <cmdty:id>TWD</cmdty:id>
  </trn:currency>
  <trn:date-posted>
    <ts:date>2012-06-12 00:00:00 +0800</ts:date>
  </trn:date-posted>
  <trn:date-entered>
    <ts:date>2012-06-13 17:10:40 +0800</ts:date>
  </trn:date-entered>
  <trn:description>Dinner</trn:description>
  <trn:slots>
    <slot>
      <slot:key>date-posted</slot:key>
      <slot:value type="gdate">
        <gdate>2012-06-12</gdate>
      </slot:value>
    </slot>
    <slot>
      <slot:key>notes</slot:key>
      <slot:value type="string"></slot:value>
    </slot>
  </trn:slots>
  <trn:splits>
    <trn:split>
      <split:id type="guid">d15235bf26e3411359c56122b4b26da6</split:id>
      <split:reconciled-state>n</split:reconciled-state>
      <split:value>4500/100</split:value>
      <split:quantity>4500/100</split:quantity>
      <split:account type="guid">4a36121ede3d0e7828c9e5ab247b90ca</split:account>
    </trn:split>
    <trn:split>
      <split:id type="guid">6d3035e2825518b82bc084c449eb68b3</split:id>
      <split:reconciled-state>n</split:reconciled-state>
      <split:value>-4500/100</split:value>
      <split:quantity>-4500/100</split:quantity>
      <split:account type="guid">c7b10d6ceb9c168c97769b924fbcfd33</split:account>
    </trn:split>
  </trn:splits>
</gnc:transaction>
<gnc:transaction version="2.0.0">
  <trn:id type="guid">4607ab3884ddab026c852c15fac3b4a4</trn:id>
  <trn:currency>
    <cmdty:space>ISO4217</cmdty:space>
    <cmdty:id>TWD</cmdty:id>
  </trn:currency>
  <trn:date-posted>
    <ts:date>2012-06-12 00:00:00 +0800</ts:date>
  </trn:date-posted>
  <trn:date-entered>
    <ts:date>2012-06-13 17:10:44 +0800</ts:date>
  </trn:date-entered>
  <trn:description>Coffee</trn:description>
  <trn:slots>
    <slot>
      <slot:key>notes</slot:key>
      <slot:value type="string"></slot:value>
    </slot>
  </trn:slots>
  <trn:splits>
    <trn:split>
      <split:id type="guid">21cc2ba30a951e6627c0f55d7008d47e</split:id>
      <split:reconciled-state>n</split:reconciled-state>
      <split:value>18000/100</split:value>
      <split:quantity>18000/100</split:quantity>
      <split:account type="guid">4a36121ede3d0e7828c9e5ab247b90ca</split:account>
    </trn:split>
    <trn:split>
      <split:id type="guid">89f5bc0fcd05e17781a7940349f5813c</split:id>
      <split:reconciled-state>n</split:reconciled-state>
      <split:value>-18000/100</split:value>
      <split:quantity>-18000/100</split:quantity>
      <split:account type="guid">c7b10d6ceb9c168c97769b924fbcfd33</split:account>
    </trn:split>
  </trn:splits>
</gnc:transaction>
<gnc:transaction version="2.0.0">
  <trn:id type="guid">ace8dd702f2ec1bbb0847d1e59896ccb</trn:id>
  <trn:currency>
    <cmdty:space>ISO4217</cmdty:space>
    <cmdty:id>TWD</cmdty:id>
  </trn:currency>
  <trn:date-posted>
    <ts:date>2012-06-12 00:00:00 +0800</ts:date>
  </trn:date-posted>
  <trn:date-entered>
    <ts:date>2012-06-13 17:10:53 +0800</ts:date>
  </trn:date-entered>
  <trn:description>Night snack</trn:description>
  <trn:splits>
    <trn:split>
      <split:id type="guid">c493e82f71951128cc7fb0a4969a558e</split:id>
      <split:reconciled-state>n</split:reconciled-state>
      <split:value>5000/100</split:value>
      <split:quantity>5000/100</split:quantity>
      <split:account type="guid">4a36121ede3d0e7828c9e5ab247b90ca</split:account>
    </trn:split>
    <trn:split>
      <split:id type="guid">3551c3e6c2d4abdcc60b614040116264</split:id>
      <split:reconciled-state>n</split:reconciled-state>
      <split:value>-5000/100</split:value>
      <split:quantity>-5000/100</split:quantity>
      <split:account type="guid">c7b10d6ceb9c168c97769b924fbcfd33</split:account>
    </trn:split>
  </trn:splits>
</gnc:transaction>
<gnc:transaction version="2.0.0">
  <trn:id type="guid">f5f00ff016f5dae44939065f94d93d9c</trn:id>
  <trn:currency>
    <cmdty:space>ISO4217</cmdty:space>
    <cmdty:id>TWD</cmdty:id>
  </trn:currency>
  <trn:date-posted>
    <ts:date>2012-06-13 00:00:00 +0800</ts:date>
  </trn:date-posted>
  <trn:date-entered>
    <ts:date>2012-06-13 17:11:03 +0800</ts:date>
  </trn:date-entered>
  <trn:description>Breakfast</trn:description>
  <trn:slots>
    <slot>
      <slot:key>date-posted</slot:key>
      <slot:value type="gdate">
        <gdate>2012-06-13</gdate>
      </slot:value>
    </slot>
    <slot>
      <slot:key>notes</slot:key>
      <slot:value type="string"></slot:value>
    </slot>
  </trn:slots>
  <trn:splits>
    <trn:split>
      <split:id type="guid">a2bfd0ef188d3671f07be44637da03ca</split:id>
      <split:reconciled-state>n</split:reconciled-state>
      <split:value>4000/100</split:value>
      <split:quantity>4000/100</split:quantity>
      <split:account type="guid">4a36121ede3d0e7828c9e5ab247b90ca</split:account>
    </trn:split>
    <trn:split>
      <split:id type="guid">ca0bb0b510773834b46292625755dd5f</split:id>
      <split:reconciled-state>n</split:reconciled-state>
      <split:value>-4000/100</split:value>
      <split:quantity>-4000/100</split:quantity>
      <split:account type="guid">c7b10d6ceb9c168c97769b924fbcfd33</split:account>
    </trn:split>
  </trn:splits>
</gnc:transaction>
<gnc:transaction version="2.0.0">
  <trn:id type="guid">af0233609945decd00f9a0b460633203</trn:id>
  <trn:currency>
    <cmdty:space>ISO4217</cmdty:space>
    <cmdty:id>TWD</cmdty:id>
  </trn:currency>
  <trn:date-posted>
    <ts:date>2012-06-13 00:00:00 +0800</ts:date>
  </trn:date-posted>
  <trn:date-entered>
    <ts:date>2012-06-13 17:11:17 +0800</ts:date>
  </trn:date-entered>
  <trn:description>Lunch</trn:description>
  <trn:slots>
    <slot>
      <slot:key>notes</slot:key>
      <slot:value type="string"></slot:value>
    </slot>
  </trn:slots>
  <trn:splits>
    <trn:split>
      <split:id type="guid">1c7fa0723b9edddfb6ad3289da1d2419</split:id>
      <split:reconciled-state>n</split:reconciled-state>
      <split:value>17600/100</split:value>
      <split:quantity>17600/100</split:quantity>
      <split:account type="guid">4a36121ede3d0e7828c9e5ab247b90ca</split:account>
    </trn:split>
    <trn:split>
      <split:id type="guid">88a5d54759ce971f233d7a8bc3ad6656</split:id>
      <split:reconciled-state>n</split:reconciled-state>
      <split:value>-17600/100</split:value>
      <split:quantity>-17600/100</split:quantity>
      <split:account type="guid">c7b10d6ceb9c168c97769b924fbcfd33</split:account>
    </trn:split>
  </trn:splits>
</gnc:transaction>
<gnc:transaction version="2.0.0">
  <trn:id type="guid">560b8a222f3743ef9004c6c7017ee198</trn:id>
  <trn:currency>
    <cmdty:space>ISO4217</cmdty:space>
    <cmdty:id>TWD</cmdty:id>
  </trn:currency>
  <trn:date-posted>
    <ts:date>2012-06-13 00:00:00 +0800</ts:date>
  </trn:date-posted>
  <trn:date-entered>
    <ts:date>2012-06-13 17:11:22 +0800</ts:date>
  </trn:date-entered>
  <trn:description>Ice cream</trn:description>
  <trn:slots>
    <slot>
      <slot:key>notes</slot:key>
      <slot:value type="string"></slot:value>
    </slot>
  </trn:slots>
  <trn:splits>
    <trn:split>
      <split:id type="guid">e0bdb97264042fb46c0dda26a47e00ea</split:id>
      <split:reconciled-state>n</split:reconciled-state>
      <split:value>2000/100</split:value>
      <split:quantity>2000/100</split:quantity>
      <split:account type="guid">4a36121ede3d0e7828c9e5ab247b90ca</split:account>
    </trn:split>
    <trn:split>
      <split:id type="guid">0d5acde775185f0d7a3a25579c47b5b1</split:id>
      <split:reconciled-state>n</split:reconciled-state>
      <split:value>-2000/100</split:value>
      <split:quantity>-2000/100</split:quantity>
      <split:account type="guid">c7b10d6ceb9c168c97769b924fbcfd33</split:account>
    </trn:split>
  </trn:splits>
</gnc:transaction>
<gnc:transaction version="2.0.0">
  <trn:id type="guid">d010dc7925ef24b059fba58ca0522196</trn:id>
  <trn:currency>
    <cmdty:space>ISO4217</cmdty:space>
    <cmdty:id>TWD</cmdty:id>
  </trn:currency>
  <trn:date-posted>
    <ts:date>2012-06-13 00:00:00 +0800</ts:date>
  </trn:date-posted>
  <trn:date-entered>
    <ts:date>2012-06-15 14:08:03 +0800</ts:date>
  </trn:date-entered>
  <trn:description>Dinner</trn:description>
  <trn:slots>
    <slot>
      <slot:key>date-posted</slot:key>
      <slot:value type="gdate">
        <gdate>2012-06-13</gdate>
      </slot:value>
    </slot>
    <slot>
      <slot:key>notes</slot:key>
      <slot:value type="string"></slot:value>
    </slot>
  </trn:slots>
  <trn:splits>
    <trn:split>
      <split:id type="guid">09da417626dfc015d7cd7969a72975fe</split:id>
      <split:reconciled-state>n</split:reconciled-state>
      <split:value>8000/100</split:value>
      <split:quantity>8000/100</split:quantity>
      <split:account type="guid">4a36121ede3d0e7828c9e5ab247b90ca</split:account>
    </trn:split>
    <trn:split>
      <split:id type="guid">961363832cbd9c54203afad1e236316c</split:id>
      <split:reconciled-state>n</split:reconciled-state>
      <split:value>-8000/100</split:value>
      <split:quantity>-8000/100</split:quantity>
      <split:account type="guid">c7b10d6ceb9c168c97769b924fbcfd33</split:account>
    </trn:split>
  </trn:splits>
</gnc:transaction>
<gnc:transaction version="2.0.0">
  <trn:id type="guid">d13befdf11f2c9a31f32ac4120e23e37</trn:id>
  <trn:currency>
    <cmdty:space>ISO4217</cmdty:space>
    <cmdty:id>TWD</cmdty:id>
  </trn:currency>
  <trn:date-posted>
    <ts:date>2012-06-13 00:00:00 +0800</ts:date>
  </trn:date-posted>
  <trn:date-entered>
    <ts:date>2012-06-15 14:08:27 +0800</ts:date>
  </trn:date-entered>
  <trn:description>CD</trn:description>
  <trn:splits>
    <trn:split>
      <split:id type="guid">52798b0b34bad206840ced5233d9d1fa</split:id>
      <split:reconciled-state>n</split:reconciled-state>
      <split:value>34200/100</split:value>
      <split:quantity>34200/100</split:quantity>
      <split:account type="guid">8cb983773df202b315dd13a1af6ac3ea</split:account>
    </trn:split>
    <trn:split>
      <split:id type="guid">bd86c3bfcc3bcb5f34a0d3e0ef79d2f5</split:id>
      <split:reconciled-state>n</split:reconciled-state>
      <split:value>-34200/100</split:value>
      <split:quantity>-34200/100</split:quantity>
      <split:account type="guid">c7b10d6ceb9c168c97769b924fbcfd33</split:account>
    </trn:split>
  </trn:splits>
</gnc:transaction>
<gnc:transaction version="2.0.0">
  <trn:id type="guid">84c9e858ab66e057cccd8f1b10b42461</trn:id>
  <trn:currency>
    <cmdty:space>ISO4217</cmdty:space>
    <cmdty:id>TWD</cmdty:id>
  </trn:currency>
  <trn:date-posted>
    <ts:date>2012-06-13 00:00:00 +0800</ts:date>
  </trn:date-posted>
  <trn:date-entered>
    <ts:date>2012-06-15 14:08:40 +0800</ts:date>
  </trn:date-entered>
  <trn:description>Water</trn:description>
  <trn:slots>
    <slot>
      <slot:key>notes</slot:key>
      <slot:value type="string"></slot:value>
    </slot>
  </trn:slots>
  <trn:splits>
    <trn:split>
      <split:id type="guid">3058f2a0da6c0475ec7dad93eecef59d</split:id>
      <split:reconciled-state>n</split:reconciled-state>
      <split:value>1300/100</split:value>
      <split:quantity>1300/100</split:quantity>
      <split:account type="guid">4a36121ede3d0e7828c9e5ab247b90ca</split:account>
    </trn:split>
    <trn:split>
      <split:id type="guid">67a2e7c601a2909e5e1bcd016f99be12</split:id>
      <split:reconciled-state>n</split:reconciled-state>
      <split:value>-1300/100</split:value>
      <split:quantity>-1300/100</split:quantity>
      <split:account type="guid">c7b10d6ceb9c168c97769b924fbcfd33</split:account>
    </trn:split>
  </trn:splits>
</gnc:transaction>
<gnc:transaction version="2.0.0">
  <trn:id type="guid">7c4202572fbcae0acf6e5d5efa11fcee</trn:id>
  <trn:currency>
    <cmdty:space>ISO4217</cmdty:space>
    <cmdty:id>TWD</cmdty:id>
  </trn:currency>
  <trn:date-posted>
    <ts:date>2012-06-14 00:00:00 +0800</ts:date>
  </trn:date-posted>
  <trn:date-entered>
    <ts:date>2012-06-15 14:04:54 +0800</ts:date>
  </trn:date-entered>
  <trn:description>Breakfast</trn:description>
  <trn:slots>
    <slot>
      <slot:key>date-posted</slot:key>
      <slot:value type="gdate">
        <gdate>2012-06-14</gdate>
      </slot:value>
    </slot>
    <slot>
      <slot:key>notes</slot:key>
      <slot:value type="string"></slot:value>
    </slot>
  </trn:slots>
  <trn:splits>
    <trn:split>
      <split:id type="guid">19f91018a22fe167a8547a51a3af6a7c</split:id>
      <split:reconciled-state>n</split:reconciled-state>
      <split:value>5500/100</split:value>
      <split:quantity>5500/100</split:quantity>
      <split:account type="guid">4a36121ede3d0e7828c9e5ab247b90ca</split:account>
    </trn:split>
    <trn:split>
      <split:id type="guid">3641d8d6294d1355030cfdd6ac791aaf</split:id>
      <split:reconciled-state>n</split:reconciled-state>
      <split:value>-5500/100</split:value>
      <split:quantity>-5500/100</split:quantity>
      <split:account type="guid">c7b10d6ceb9c168c97769b924fbcfd33</split:account>
    </trn:split>
  </trn:splits>
</gnc:transaction>
<gnc:transaction version="2.0.0">
  <trn:id type="guid">e03dac0a332377edf05fffbeca305ef3</trn:id>
  <trn:currency>
    <cmdty:space>ISO4217</cmdty:space>
    <cmdty:id>TWD</cmdty:id>
  </trn:currency>
  <trn:date-posted>
    <ts:date>2012-06-14 00:00:00 +0800</ts:date>
  </trn:date-posted>
  <trn:date-entered>
    <ts:date>2012-06-15 14:05:06 +0800</ts:date>
  </trn:date-entered>
  <trn:description>Coffee</trn:description>
  <trn:slots>
    <slot>
      <slot:key>notes</slot:key>
      <slot:value type="string"></slot:value>
    </slot>
  </trn:slots>
  <trn:splits>
    <trn:split>
      <split:id type="guid">bca55d772a559aed57c9db15cd64d93c</split:id>
      <split:reconciled-state>n</split:reconciled-state>
      <split:value>10500/100</split:value>
      <split:quantity>10500/100</split:quantity>
      <split:account type="guid">4a36121ede3d0e7828c9e5ab247b90ca</split:account>
    </trn:split>
    <trn:split>
      <split:id type="guid">1ff3a8701804d1bf8b801bfb54c26a7c</split:id>
      <split:reconciled-state>n</split:reconciled-state>
      <split:value>-10500/100</split:value>
      <split:quantity>-10500/100</split:quantity>
      <split:account type="guid">c7b10d6ceb9c168c97769b924fbcfd33</split:account>
    </trn:split>
  </trn:splits>
</gnc:transaction>
<gnc:transaction version="2.0.0">
  <trn:id type="guid">2f22a56a23848ade2df501f59f366f43</trn:id>
  <trn:currency>
    <cmdty:space>ISO4217</cmdty:space>
    <cmdty:id>TWD</cmdty:id>
  </trn:currency>
  <trn:date-posted>
    <ts:date>2012-06-14 00:00:00 +0800</ts:date>
  </trn:date-posted>
  <trn:date-entered>
    <ts:date>2012-06-15 14:05:12 +0800</ts:date>
  </trn:date-entered>
  <trn:description>Lunch</trn:description>
  <trn:slots>
    <slot>
      <slot:key>notes</slot:key>
      <slot:value type="string"></slot:value>
    </slot>
  </trn:slots>
  <trn:splits>
    <trn:split>
      <split:id type="guid">2a3c8327490968b86b393d67dbb884f9</split:id>
      <split:reconciled-state>n</split:reconciled-state>
      <split:value>8000/100</split:value>
      <split:quantity>8000/100</split:quantity>
      <split:account type="guid">4a36121ede3d0e7828c9e5ab247b90ca</split:account>
    </trn:split>
    <trn:split>
      <split:id type="guid">f7c1025b8bbb9072c47c6ed297cc4cb6</split:id>
      <split:reconciled-state>n</split:reconciled-state>
      <split:value>-8000/100</split:value>
      <split:quantity>-8000/100</split:quantity>
      <split:account type="guid">c7b10d6ceb9c168c97769b924fbcfd33</split:account>
    </trn:split>
  </trn:splits>
</gnc:transaction>
<gnc:transaction version="2.0.0">
  <trn:id type="guid">0a0e0bce68bb389136b403785baf641c</trn:id>
  <trn:currency>
    <cmdty:space>ISO4217</cmdty:space>
    <cmdty:id>TWD</cmdty:id>
  </trn:currency>
  <trn:date-posted>
    <ts:date>2012-06-14 00:00:00 +0800</ts:date>
  </trn:date-posted>
  <trn:date-entered>
    <ts:date>2012-06-15 14:05:22 +0800</ts:date>
  </trn:date-entered>
  <trn:description>Dinner</trn:description>
  <trn:slots>
    <slot>
      <slot:key>notes</slot:key>
      <slot:value type="string"></slot:value>
    </slot>
  </trn:slots>
  <trn:splits>
    <trn:split>
      <split:id type="guid">9f6e12a19d667edb096120ee09ba4e62</split:id>
      <split:reconciled-state>n</split:reconciled-state>
      <split:value>9900/100</split:value>
      <split:quantity>9900/100</split:quantity>
      <split:account type="guid">4a36121ede3d0e7828c9e5ab247b90ca</split:account>
    </trn:split>
    <trn:split>
      <split:id type="guid">ad5a5c901a95e4fb75d1a8a8e678b292</split:id>
      <split:reconciled-state>n</split:reconciled-state>
      <split:value>-9900/100</split:value>
      <split:quantity>-9900/100</split:quantity>
      <split:account type="guid">c7b10d6ceb9c168c97769b924fbcfd33</split:account>
    </trn:split>
  </trn:splits>
</gnc:transaction>
<gnc:transaction version="2.0.0">
  <trn:id type="guid">400139252ea18ab66ab141e9185edbad</trn:id>
  <trn:currency>
    <cmdty:space>ISO4217</cmdty:space>
    <cmdty:id>TWD</cmdty:id>
  </trn:currency>
  <trn:date-posted>
    <ts:date>2012-06-14 00:00:00 +0800</ts:date>
  </trn:date-posted>
  <trn:date-entered>
    <ts:date>2012-06-15 14:05:31 +0800</ts:date>
  </trn:date-entered>
  <trn:description>Cookies</trn:description>
  <trn:splits>
    <trn:split>
      <split:id type="guid">239c815457387d2f6e0765bcb113b8ad</split:id>
      <split:reconciled-state>n</split:reconciled-state>
      <split:value>10000/100</split:value>
      <split:quantity>10000/100</split:quantity>
      <split:account type="guid">4a36121ede3d0e7828c9e5ab247b90ca</split:account>
    </trn:split>
    <trn:split>
      <split:id type="guid">a0d4b666cebf8c96ab423bad96d1ce8d</split:id>
      <split:reconciled-state>n</split:reconciled-state>
      <split:value>-10000/100</split:value>
      <split:quantity>-10000/100</split:quantity>
      <split:account type="guid">c7b10d6ceb9c168c97769b924fbcfd33</split:account>
    </trn:split>
  </trn:splits>
</gnc:transaction>
<gnc:transaction version="2.0.0">
  <trn:id type="guid">135c79e718a72c579c00e0afc438d30e</trn:id>
  <trn:currency>
    <cmdty:space>ISO4217</cmdty:space>
    <cmdty:id>TWD</cmdty:id>
  </trn:currency>
  <trn:date-posted>
    <ts:date>2012-06-14 00:00:00 +0800</ts:date>
  </trn:date-posted>
  <trn:date-entered>
    <ts:date>2012-06-15 14:05:46 +0800</ts:date>
  </trn:date-entered>
  <trn:description>Snacks</trn:description>
  <trn:slots>
    <slot>
      <slot:key>notes</slot:key>
      <slot:value type="string"></slot:value>
    </slot>
  </trn:slots>
  <trn:splits>
    <trn:split>
      <split:id type="guid">0688bc35991a048493849ccb6dbac633</split:id>
      <split:reconciled-state>n</split:reconciled-state>
      <split:value>16200/100</split:value>
      <split:quantity>16200/100</split:quantity>
      <split:account type="guid">4a36121ede3d0e7828c9e5ab247b90ca</split:account>
    </trn:split>
    <trn:split>
      <split:id type="guid">baf7ed71f3d0f46d31ee5038831d7054</split:id>
      <split:reconciled-state>n</split:reconciled-state>
      <split:value>-16200/100</split:value>
      <split:quantity>-16200/100</split:quantity>
      <split:account type="guid">c7b10d6ceb9c168c97769b924fbcfd33</split:account>
    </trn:split>
  </trn:splits>
</gnc:transaction>
<gnc:transaction version="2.0.0">
  <trn:id type="guid">4addc0d81bba9536161ccab0e6b2a14c</trn:id>
  <trn:currency>
    <cmdty:space>ISO4217</cmdty:space>
    <cmdty:id>TWD</cmdty:id>
  </trn:currency>
  <trn:date-posted>
    <ts:date>2012-06-14 00:00:00 +0800</ts:date>
  </trn:date-posted>
  <trn:date-entered>
    <ts:date>2012-06-15 14:09:30 +0800</ts:date>
  </trn:date-entered>
  <trn:description>Brownie</trn:description>
  <trn:slots>
    <slot>
      <slot:key>date-posted</slot:key>
      <slot:value type="gdate">
        <gdate>2012-06-14</gdate>
      </slot:value>
    </slot>
  </trn:slots>
  <trn:splits>
    <trn:split>
      <split:id type="guid">44ab797ba9c5c5a20452fd5d4c11fb93</split:id>
      <split:reconciled-state>n</split:reconciled-state>
      <split:value>6500/100</split:value>
      <split:quantity>6500/100</split:quantity>
      <split:account type="guid">f7732541a120c72241ba8c32e1b39ea3</split:account>
    </trn:split>
    <trn:split>
      <split:id type="guid">104f3ca995608a60254588c21359d7de</split:id>
      <split:reconciled-state>n</split:reconciled-state>
      <split:value>-6500/100</split:value>
      <split:quantity>-6500/100</split:quantity>
      <split:account type="guid">c7b10d6ceb9c168c97769b924fbcfd33</split:account>
    </trn:split>
  </trn:splits>
</gnc:transaction>
<gnc:transaction version="2.0.0">
  <trn:id type="guid">c80dd937aca3f309d8929c511e8c5c19</trn:id>
  <trn:currency>
    <cmdty:space>ISO4217</cmdty:space>
    <cmdty:id>TWD</cmdty:id>
  </trn:currency>
  <trn:date-posted>
    <ts:date>2012-06-15 00:00:00 +0800</ts:date>
  </trn:date-posted>
  <trn:date-entered>
    <ts:date>2012-06-15 14:04:22 +0800</ts:date>
  </trn:date-entered>
  <trn:description>Breakfast</trn:description>
  <trn:slots>
    <slot>
      <slot:key>notes</slot:key>
      <slot:value type="string"></slot:value>
    </slot>
  </trn:slots>
  <trn:splits>
    <trn:split>
      <split:id type="guid">cab62f4fb0145c41daa0bf9b045e381e</split:id>
      <split:reconciled-state>n</split:reconciled-state>
      <split:value>3500/100</split:value>
      <split:quantity>3500/100</split:quantity>
      <split:account type="guid">4a36121ede3d0e7828c9e5ab247b90ca</split:account>
    </trn:split>
    <trn:split>
      <split:id type="guid">7ff4a04f5b1954f34a3a11b33937acdb</split:id>
      <split:reconciled-state>n</split:reconciled-state>
      <split:value>-3500/100</split:value>
      <split:quantity>-3500/100</split:quantity>
      <split:account type="guid">c7b10d6ceb9c168c97769b924fbcfd33</split:account>
    </trn:split>
  </trn:splits>
</gnc:transaction>
<gnc:transaction version="2.0.0">
  <trn:id type="guid">f09d5d99f18cb6f5a88b861177edaaac</trn:id>
  <trn:currency>
    <cmdty:space>ISO4217</cmdty:space>
    <cmdty:id>TWD</cmdty:id>
  </trn:currency>
  <trn:date-posted>
    <ts:date>2012-06-15 00:00:00 +0800</ts:date>
  </trn:date-posted>
  <trn:date-entered>
    <ts:date>2012-06-15 14:04:26 +0800</ts:date>
  </trn:date-entered>
  <trn:description>Lunch</trn:description>
  <trn:slots>
    <slot>
      <slot:key>notes</slot:key>
      <slot:value type="string"></slot:value>
    </slot>
  </trn:slots>
  <trn:splits>
    <trn:split>
      <split:id type="guid">e27f65de3229f1c80191a295eaaef4d7</split:id>
      <split:reconciled-state>n</split:reconciled-state>
      <split:value>16000/100</split:value>
      <split:quantity>16000/100</split:quantity>
      <split:account type="guid">4a36121ede3d0e7828c9e5ab247b90ca</split:account>
    </trn:split>
    <trn:split>
      <split:id type="guid">4234a3910653d50718a7c89b142675a8</split:id>
      <split:reconciled-state>n</split:reconciled-state>
      <split:value>-16000/100</split:value>
      <split:quantity>-16000/100</split:quantity>
      <split:account type="guid">c7b10d6ceb9c168c97769b924fbcfd33</split:account>
    </trn:split>
  </trn:splits>
</gnc:transaction>
<gnc:transaction version="2.0.0">
  <trn:id type="guid">d1a1521ac4ea34c46736acf82f356cef</trn:id>
  <trn:currency>
    <cmdty:space>ISO4217</cmdty:space>
    <cmdty:id>TWD</cmdty:id>
  </trn:currency>
  <trn:date-posted>
    <ts:date>2012-06-15 00:00:00 +0800</ts:date>
  </trn:date-posted>
  <trn:date-entered>
    <ts:date>2012-06-15 14:04:31 +0800</ts:date>
  </trn:date-entered>
  <trn:description>Coffee</trn:description>
  <trn:slots>
    <slot>
      <slot:key>notes</slot:key>
      <slot:value type="string"></slot:value>
    </slot>
  </trn:slots>
  <trn:splits>
    <trn:split>
      <split:id type="guid">23903f963015cc6b4ae4f51622abf91a</split:id>
      <split:reconciled-state>n</split:reconciled-state>
      <split:value>6000/100</split:value>
      <split:quantity>6000/100</split:quantity>
      <split:account type="guid">4a36121ede3d0e7828c9e5ab247b90ca</split:account>
    </trn:split>
    <trn:split>
      <split:id type="guid">adb9e8612cf1a7cbc4c5aaa21888b159</split:id>
      <split:reconciled-state>n</split:reconciled-state>
      <split:value>-6000/100</split:value>
      <split:quantity>-6000/100</split:quantity>
      <split:account type="guid">c7b10d6ceb9c168c97769b924fbcfd33</split:account>
    </trn:split>
  </trn:splits>
</gnc:transaction>
<gnc:transaction version="2.0.0">
  <trn:id type="guid">5d61cf0fce7300b917272f382c074714</trn:id>
  <trn:currency>
    <cmdty:space>ISO4217</cmdty:space>
    <cmdty:id>TWD</cmdty:id>
  </trn:currency>
  <trn:date-posted>
    <ts:date>2012-02-02 00:00:00 +0800</ts:date>
  </trn:date-posted>
  <trn:date-entered>
    <ts:date>2012-02-02 12:35:56 +0800</ts:date>
  </trn:date-entered>
  <trn:description>Balance</trn:description>
  <trn:splits>
    <trn:split>
      <split:id type="guid">7db27671686900508c0c533711bf0dac</split:id>
      <split:reconciled-state>n</split:reconciled-state>
      <split:value>19600/100</split:value>
      <split:quantity>19600/100</split:quantity>
      <split:account type="guid">c591dcd24119e783c26824f60eb7a3c6</split:account>
    </trn:split>
    <trn:split>
      <split:id type="guid">a10b81dd72d5a2755e63196e629db96f</split:id>
      <split:reconciled-state>n</split:reconciled-state>
      <split:value>-19600/100</split:value>
      <split:quantity>-19600/100</split:quantity>
      <split:account type="guid">ef188a8aaf6a5e03c5a2549413bba60c</split:account>
    </trn:split>
  </trn:splits>
</gnc:transaction>
</gnc:book>
</gnc-v2>

<!-- Local variables: -->
<!-- mode: xml        -->
<!-- End:             -->
